2232 3089
463 163 513 205 55
803 147 1182 207 ANTJQUJT.
1223 146 1433 191 MEDJJ
1466 146 1627 191 AEVI
1919 159 1975 208 56

402 207 551 254 cupido.
579 207 766 244 Accedunt
791 206 1015 256 impostores,
1038 209 1071 243 &
1093 208 1166 255 spe-

404 256 496 293 ciosa
534 256 702 306 figmenta
739 259 883 294 illorum
912 259 1006 294 votis
1044 259 1165 294 conso·

402 320 447 344 na
478 307 661 345 deferunt.
699 311 797 345 Haec
834 310 956 357 utique
985 309 1165 357 accipiun-

404 367 483 402 tur,
511 360 545 394 &
574 359 615 394 ad
651 359 756 395 instar
781 373 995 408 gemmarum
1028 359 1164 394 servan·

404 418 484 458 tur3
512 409 566 444 sed
595 411 685 446 bona
711 410 800 450 fide,
827 424 864 446 ac
892 411 960 446 fine
988 410 1070 445 dolo
1092 422 1164 444 ma-

404 461 441 495 lo
472 459 714 506 accipiuntur,
745 475 831 509 quae
867 461 930 496 alii
966 461 1058 495 mala
1086 469 1164 494 tan-

404 511 480 546 tum
520 509 588 546 fide
623 512 855 548 obtulerunt.
895 511 993 547 Idem
1032 512 1164 545 Romae

403 559 602 597 acciderit.
641 563 765 608 Neque
805 562 909 597 aliter
944 560 1162 596 sentiendum

402 619 489 658 puto
517 611 558 647 de
586 610 861 648 Bononiensibus
879 639 889 656 ,
926 611 1074 660 aliisque
1101 611 1162 646 ha-

400 660 521 697 &enus
558 663 870 705 commemoratis,
907 662 1033 709 quibus
1073 661 1162 697 olim

400 711 498 747 fucus
522 712 652 748 fafium
674 713 801 752 fuerit,
819 713 910 760 quod
932 726 1051 748 eorum
1072 721 1162 747 tem-

401 775 526 808 porum
555 762 755 810 ignorantia
783 764 825 797 ab
854 762 947 798 hisce
985 762 1162 799 fraudibus

401 810 484 847 satis
512 810 574 847 fibi
602 825 723 848 cavere
751 826 820 847 non
849 813 977 860 poffet.

451 862 569 910 Atqui
605 862 695 898 olim
734 877 805 898 non
841 863 978 899 defuere
1015 862 1161 899 Falsarii

400 922 471 947 tam
504 912 598 948 acuti
635 913 798 962 ingenii,
835 923 1022 962 tantaeque
1058 915 1160 950 indu—

400 962 524 1007 striae,
555 972 593 999 ut
620 963 658 999 in
686 964 926 1013 confingendis
957 966 1160 1012 praeceden-

401 1014 493 1049 tium
531 1015 733 1051 Seculorum
773 1017 1012 1052 monumentis
1051 1029 1161 1062 neque

400 1073 522 1100 contra
553 1064 863 1114 Chromlogiam,
901 1080 1012 1115 neque
1041 1077 1161 1102 contra

400 1114 615 1151 Historicam
654 1117 916 1159 eruditionem,
950 1128 1011 1153 aut
1050 1120 1160 1153 Nota-

398 1164 531 1201 riorum
556 1164 723 1203 formulas
740 1168 931 1215 quidquam
955 1178 1160 1216 peccarent3

399 1217 432 1251 ὅ(
458 1217 562 1262 probe
588 1217 723 1254 imitari
750 1219 882 1254 nossa-nt
905 1230 1057 1255 veterum
1081 1219 1159 1254 cha—

399 1267 547 1303 rasteres
568 1267 605 1304 ὅ(
629 1280 749 1309 notas,
777 1280 836 1304 aut
857 1283 976 1304 eorum
1005 1280 1159 1304 tantum-

398 1319 506 1352 modo
532 1319 728 1365 apographa
754 1320 972 1367 confingere.
999 1322 1032 1354 Si
1055 1333 1158 1367 quan-

397 1367 444 1401 do
480 1380 599 1403 eorum
640 1367 705 1404 foe
716 1383 752 1404 us
791 1383 894 1404 occur
898 1381 978 1405 runt
1018 1370 1162 1416 (neque

399 1417 496 1452 enim
522 1418 704 1465 quisquam
736 1431 857 1467 neget
884 1421 969 1465 quin
999 1421 1084 1453 talia
1113 1419 1150 1453 ef

400 1466 545 1502 formari
577 1479 778 1515 potuerint,
817 1469 852 1503 ἃ
883 1483 923 1503 ex
965 1469 1007 1503 iis
1045 1471 1161 1514 aliqua

399 1517 566 1561 superesse
605 1518 792 1565 pcffint)
832 1519 947 1553 frustra
987 1519 1162 1554 interdum

400 1570 505 1604 Artis
527 1568 687 1604 Critiae
716 1569 858 1604 lubficlia
888 1569 1096 1605 adhibemur
1123 1569 1162 1604 ad

403 1618 504 1653 falsas
533 1620 702 1666 ejusmodi
734 1634 861 1655 merces
891 1634 908 1655 a
939 1621 1028 1655 veris
1059 1620 1161 1655 secer·

404 1670 554 1704 mendas.
587 1670 641 1704 Ad
671 1670 753 1704 haec
773 1671 841 1705 alia
865 1672 1036 1715 prodeunt
1055 1684 1160 1718 quan-

401 1719 515 1766 doque
535 1720 740 1768 Diplomata
759 1735 796 1755 ac
818 1721 1061 1760 instrumenta,
1079 1734 1165 1768 quae

400 1771 557 1816 undique
583 1771 764 1819 legitimos
789 1773 921 1806 natales
949 1771 1164 1819 praeferunt,

403 1818 442 1855 ἃ
472 1821 586 1856 nihilo
615 1821 722 1857 lecius
751 1835 859 1869 quum
891 1823 1009 1857 naevis
1038 1823 1161 1869 quibu-

406 1870 500 1906 sdam
542 1872 869 1927 interspergantur,
906 1873 1050 1908 dubium
1091 1873 1163 1908 ani-

405 1933 502 1956 mum
540 1934 579 1957 ln
618 1923 805 1970 judicando
836 1924 875 1959 de
912 1937 1030 1960 eorum
1068 1925 1164 1972 inge-

403 1972 544 2007 nuitate
573 1974 797 2017 relinquunt.
826 1975 997 2021 Equidem
1029 1989 1097 2009 non
1128 1989 1164 2009 u—

402 2035 451 2057 no
478 2021 516 2057 in
545 2023 625 2057 loco
651 2024 782 2058 offendi
808 2025 952 2072 antiqua
979 2027 1165 2071 Diploma-

401 2081 467 2112 ta,
505 2074 713 2121 autographi
751 2074 897 2121 speciem
935 2075 1165 2120 exhibentia,

400 2122 526 2160 iisdem
557 2126 689 2171 quippe
726 2124 981 2161 characteribus
1013 2125 1162 2161 conscri-

402 2183 490 2223 pta,
527 2189 616 2222 quae
653 2175 689 2210 in
719 2175 917 2211 certiffimis
956 2177 1166 2212 membranis

403 2225 438 2262 se
466 2226 567 2262 nobis
594 2225 776 2274 offerunt;
818 2226 877 2262 ubi
904 2227 1011 2262 etiarn
1049 2229 1161 2263 intue-

405 2278 467 2313 bar
504 2289 603 2314 notas
640 2277 856 2313 cancellarii
895 2278 1095 2318 consuetas,
1131 2280 1163 2313 8(

405 2329 621 2366 excurfiones
650 2328 776 2364 calami
807 2328 949 2376 (neque
978 2329 1072 2364 enim
1101 2330 1165 2365 Ci-

405 2380 495 2424 fras.
523 2391 583 2416 aut
610 2390 710 2416 notas
738 2392 877 2414 arcanas
905 2381 1079 2427 appellare
1105 2393 1163 2414 au-

406 2431 503 2480 deo)
540 2432 600 2467 sub
629 2431 758 2479 Sigillo
788 2443 886 2466 cereo
923 2430 1051 2477 apponi
1083 2430 1166 2465 soli-

406 2490 486 2530 tas,
512 2484 547 2519 δὲ
574 2484 694 2520 locum
720 2481 842 2532 §igini
867 2481 1063 2531 deperditi,
1098 2480 1165 2517 hoc

1203 209 1238 244 A
1273 207 1318 243 est
1346 207 1516 243 scissuram
1557 219 1782 256 pergamenae
1816 208 1853 244 in
1881 209 2030 248 formam

1273 259 1404 294 crucis.
1435 260 1565 293 Verum
1591 261 1632 294 ab
1658 259 1710 294 his
1739 258 1817 306 ipsis
1844 260 2030 307 Diploma-

1273 308 1320 343 tis
1356 309 1675 344 animadvertebam
1714 319 1773 344 aut
1810 310 1917 346 abesse
1945 312 2031 349 Mo-

1274 371 1478 407 nogramma
1520 360 1745 407 Imperatoris
1787 359 1852 395 five
1897 363 2029 412 Regis3

1274 419 1334 444 aut
1361 409 1498 445 sciffura
1525 410 1596 456 ipla
1622 412 1841 446 membranae
1868 411 1918 447 ita
1947 426 2033 448 con-

1274 459 1391 507 jumsta
1426 461 1461 495 &
1498 460 1686 509 compofita
1725 463 1948 506 cernebatur,
1977 473 2032 500 at·-

1274 522 1340 556 que
1367 511 1452 546 adeo
1488 512 1671 558 expolita,
1709 512 1868 560 nihilque
1905 513 2032 550 unRu-

1273 573 1330 595 rae
1354 562 1505 596 retinens
1532 563 1653 609 (cujus
1681 562 1820 610 vestigia
1846 562 1915 598 fere
1943 563 2031 599 sem-

1275 623 1333 658 per
1360 624 1435 646 cera
1463 611 1614 659 apposita
1643 613 1674 646 &
1705 614 1893 657 compressa
1925 614 2033 650 infer-

1273 674 1308 696 re
1336 661 1543 708 consuevit)
1582 672 1618 697 ut
1649 664 1812 710 S¹gillum
1853 676 2032 711 nunquam

1273 712 1486 747 collocatum
1518 713 1594 747 illic
1623 726 1692 747 non
1724 713 1860 770 injuria.
1881 713 2032 771 suspica-

1273 776 1344 797 rer.
1381 765 1478 798 Haec
1506 776 1611 810 ergo,
1649 763 1785 808 aliaque
1814 764 2032 810 minutiora,

1272 826 1359 856 quae
1387 812 1454 848 fine
1482 814 1690 848 Chartarum
1729 813 1877 860 iplarum
1916 815 2032 863 inipe-

1272 862 1390 898 &ione
1427 876 1577 912 congrue
1619 864 1786 911 explicari
1827 877 2030 913 nequeunt,

1273 927 1326 948 me
1354 917 1394 949 eo
1424 914 1596 949 interdurn
1626 914 1828 954 rapiebant
1855 925 1892 949 ut
1920 929 2030 962 quan-

1271 966 1315 998 do
1343 966 1448 999 etiam
1489 965 1689 1000 abstinerem
1722 967 1763 1000 ab
1793 965 1837 1000 iis
1875 964 1968 1001 inter
1995 980 2032 1002 a-

1274 1015 1448 1062 pocrypha
1476 1016 1722 1053 amandandis,
1756 1015 1875 1050 saltem
1905 1016 1946 1050 de
1975 1031 2031 1053 ea-

1272 1078 1345 1100 rum
1376 1065 1442 1100 fide
1471 1067 1658 1114 plurimum
1687 1066 1904 1102 dubitarem.
1936 1069 2030 1103 Nam

1270 1117 1361 1163 quod
1391 1115 1435 1150 est
1464 1116 1505 1151 ad
1538 1130 1634 1152 notas
1663 1116 1944 1164 Chronologicas
1983 1118 2033 1153 ri-

1271 1177 1304 1201 te
1341 1176 1401 1200 aut
1439 1179 1613 1213 perperam
1652 1167 1883 1206 conventas,
1919 1167 1955 1203 ὅ(
1988 1167 2031 1203 ad

1272 1216 1460 1252 Historiam
1487 1215 1637 1261 personis
1659 1217 1750 1251 ruste
1771 1228 1831 1251 aut
1856 1217 1948 1253 secus
1974 1231 2032 1253 ac-

1272 1267 1553 1310 commodatam,
1583 1277 1686 1312 atque
1711 1268 1750 1301 ad
1777 1267 1943 1302 formulas
1968 1281 2031 1315 pro

1271 1328 1467 1366 temporum
1509 1331 1604 1353 more
1640 1328 1699 1352 aut
1737 1329 1856 1352 contra
1891 1318 2032 1363 usurpa·

1271 1379 1348 1402 tas:
1389 1370 1425 1402 in
1456 1369 1631 1413 aliquibus
1660 1368 1802 1401 Chartis
1835 1369 2031 1403 meridiano

1271 1418 1348 1450 Sole
1389 1416 1515 1451 clarius
1557 1416 1861 1464 deprehenduntur
1897 1432 2030 1455 errores

1270 1480 1308 1501 ac
1337 1477 1451 1505 Vitia,
1488 1480 1575 1514 quae
1614 1480 1789 1514 nunquam
1821 1481 2032 1513 componere

1271 1530 1348 1552 cum
1379 1517 1528 1552 veritate
1558 1517 1684 1564 poffiS,
1724 1531 1761 1552 ac
1793 1519 1936 1563 proinde
1965 1519 2032 1555 fal-

1271 1567 1378 1602 stratis
1410 1577 1527 1602 notam
1559 1570 1728 1603 conrinuo
1757 1570 1800 1603 i·s
1837 1581 1971 1604 inurere
1999 1570 2032 1605 i-

1273 1619 1416 1665 niquum
1443 1619 1590 1655 minime
1615 1619 1676 1654 est.
1706 1620 1786 1665 Ejus
1812 1622 1942 1666 generis
1971 1620 2032 1656 ha-

1273 1672 1352 1704 beto
1394 1668 1560 1703 famosum
1606 1669 1846 1706 Lindaxienfis
1889 1672 2032 1706 Parthe-

1273 1721 1373 1755 nonis
1420 1721 1584 1762 Diploma
1608 1746 1616 1760 ‚
1664 1733 1859 1767 quanquam
1903 1720 2032 1769 Sigillo

1273 1770 1422 1809 slncero,
1452 1771 1598 1817 aliisque
1629 1772 1800 1819 legitimis
1830 1771 1923 1806 noris
1953 1785 2030 1808 mu-

1274 1825 1387 1856 nitum
1411 1821 1524 1856 videri
1545 1822 1705 1867 cuiquam
1731 1822 1853 1866 pvffir:
1875 1823 1929 1856 cui
1953 1825 2031 1858 the-

1273 1882 1308 1906 ta
1343 1885 1479 1920 wgrum
1521 1872 1682 1919 praefixit
1720 1873 1855 1908 erudita
1892 1873 2032 1908 cenl'urss.

1276 1923 1330 1956 vir
1367 1924 1484 1970 magni
1522 1925 1613 1958 inter
1646 1926 1838 1958 Germanos
1876 1925 2032 1960 nominis

1275 1975 1497 2009 Hermannus
1518 1972 1735 2022 Com-ingius
1750 2003 1758 2015 ,
1781 1974 1892 2009 secum
1920 1976 1955 2009 in
1976 1975 2033 2009 efi-

1223 2020 1236 2028 ”
1275 2026 1350 2058 dem
1386 2024 1556 2059 sententia·
1583 2027 1789 2060 conordem
1822 2025 1947 2058 habens
1976 2037 2032 2060 ce·

1275 2075 1496 2110 leberrimum
1532 2075 1781 2110 Mabillonium
1801 2099 1810 2107 .
1847 2076 1892 2107 Et
1921 2087 2031 2120 quan-

1274 2139 1377 2173 quam
1407 2125 1552 2159 addufiia
1579 2128 1619 2157 ad
1651 2124 1842 2157 supremum
1875 2125 2030 2160 tribunal

1274 2173 1528 2210 controverfia.
1571 2173 1708 2218 patroni
1749 2187 1817 2208 non
1855 2173 2031 2212 defuerint

1274 2239 1335 2274 pro
1379 2224 1452 2271 ipso
1499 2225 1703 2272 Diplomate
1746 2236 2030 2273 propugnantes,

1271 2285 1391 2312 contra
1420 2285 1534 2310 tamen
1564 2275 1663 2310 stabit
1687 2276 1910 2310 Erud³r0rum
1938 2277 2029 2323 judi-

1270 2327 1386 2362 cium.
1426 2328 1546 2373 Atque
1575 2327 1611 2361 in
1642 2340 1714 2361 eam
1756 2340 1824 2361 rem
1863 2328 2029 2367 legendae

1273 2376 1425 2423 prostant
1452 2378 1634 2422 Anonymi
1663 2377 1836 2420 cujusdam
1869 2378 2031 2411 deiciae

1273 2428 1444 2471 Historicae
1482 2442 1542 2478 pro
1571 2429 1737 2471 Conrmgii
1773 2439 1918 2473 censura,
1954 2427 2029 2463 edi-

1272 2488 1328 2517 tae
1354 2481 1463 2516 Anno
1489 2481 1648 2518 MDCC.
1679 2480 1921 2563 Lindaugiaed.
1958 2479 2031 2513 Eo-

1922 2541 1979 2564 em
