2232 3089
477 245 562 287 457

453 340 716 376 CAPITOLO
744 340 1155 376 VlGESIMOSESTo.

419 393 513 427 Como
539 392 570 426 lo
595 395 744 427 Senatore
775 391 809 435 so
844 391 989 434 allapida
992 401 1023 425 to
1049 390 1104 425 da’
1116 393 1183 425 Ro-

470 443 583 478 mam'.
622 445 654 476 E
683 444 721 476 de
754 442 781 475 li
810 439 958 487 magmfi:
960 441 993 474 hi
1018 441 1120 485 fatti,
1159 440 1186 475 li

471 507 532 541 qua
514 494 561 528 ali
591 493 657 537 fece
687 491 757 536 fare
783 490 913 537 Miffore
944 492 1068 538 Egidio
1101 495 1182 526 Con-

470 544 552 588 chese
587 547 626 578 de
654 542 798 589 Spagm‘a
827 545 947 588 Legata
982 542 1182 586 Cardenale,

468 605 526 640 per
545 604 719 638 recuperare
742 593 772 627 lo
791 593 988 628 Patrimonio
996 597 1013 633 ‚‘
1033 594 1067 628 la
1086 595 1183 628 Maru

465 658 507 681 ’ca
532 648 571 680 de
596 647 754 688 Ancona,
783 656 799 678 e
825 647 1019 691 Romagna.

419 797 681 834 CAPITOLO
704 795 1183 834 VIGESIMOSETTIMO.

420 850 515 883 Como
539 847 669 895 Miffore
692 850 772 884 Cola
795 850 834 884 de
853 849 980 895 Rienzo
1002 858 1126 884 tornato
1150 848 1204 897 inp

470 903 576 935 Roma
612 898 758 945 reaffonle
784 901 814 934 lo
840 901 979 934 dominio
1004 913 1057 934 con
1093 898 1184 933 moire

471 950 652 998 allegrezze
670 975 680 985 .
715 953 749 984 Ε
776 963 855 984 come
886 950 920 993 fo
955 950 1050 994 acciso
1080 960 1121 995 pe
1154 949 1185 983 lo

470 1004 614 1047 Puopulo
637 1003 678 1034 de
702 1004 808 1033 Roma
832 1002 1052 1035 cmdamente.

419 1152 681 1189 CAPITOLO
700 1151 1182 1189 VIGESIMOOTTAVO.

419 1206 471 1240 De
493 1206 528 1239 la
551 1216 671 1239 venula
693 1208 733 1240 de
753 1208 847 1239 Carta
866 1206 1053 1250 Imperatore
1075 1216 1095 1237 a
1116 1205 1181 1236 Ro-

469 1268 541 1294 ma,
566 1268 582 1288 e
606 1263 644 1289 de
667 1257 702 1289 la
719 1256 776 1300 soa
800 1255 1021 1297 coronazione,
1049 1266 1064 1286 e
1088 1253 1128 1286 de
1149 1254 1182 1285 la

464 1305 523 1351 soa
543 1315 703 1352 partenza
727 1320 748 1340 a
773 1307 807 1339 la
834 1303 1059 1349 Alamagm'a.

481 1405 788 1441 CAPITOLO
824 1404 1119 1441 SECONDO.

417 1508 511 1543 Como
522 1509 648 1552 Jacovo
669 1506 706 1541 di
724 1506 871 1542 Saviello
889 1509 1038 1541 senatore
1057 1506 1094 1550 f⁰
1116 1519 1183 1541 cac-

469 1558 552 1593 ciato
577 1558 617 1592 de
641 1558 878 1604 Compituoglio
903 1567 942 1604 pe
967 1558 998 1591 lo
1025 1557 1183 1601 Puopolo.

467 1610 502 1644 ,Ε
527 1611 566 1644 de
602 1609 638 1644 la
662 1608 858 1644 Cavallaria
891 1608 927 1641 di
953 1605 1084 1650 Miffore
1109 1609 1182 1641 Ste-

465 1659 543 1704 fano
568 1660 607 1694 de
641 1660 677 1694 la
702 1658 844 1694 calonna
860 1684 871 1702 ‚
907 1670 924 1692 e
952 1655 1084 1704 Miffore
1110 1659 1182 1692 Na-

466 1710 593 1759 polione
616 1710 655 1746 di
678 1709 706 1745 Ιί
731 1709 865 1756 Ονζίηί.

417 1810 653 1902 DUnqua
673 1811 716 1848 da
736 1811 838 1860 quale
857 1809 1019 1847 novitate
1040 1822 1182 1846 comen-

544 1860 678 1898 zarao?
725 1863 766 1896 Io
811 1873 1040 1897 comenzarao
1087 1860 1183 1896 dallo

417 1912 555 1959 tiempo
580 1911 615 1945 di
641 1913 772 1955 Jacovo
797 1911 840 1946 de
865 1910 1041 1947 Saviello.
1065 1910 1183 1947 Essen-

417 1962 465 1998 do
492 1964 658 1998 senatore
694 1960 769 1998 solo
806 1975 866 2010 per
892 1962 929 1998 lo
962 1963 1014 1997 Re
1050 1963 1183 1998 Rober-

416 2020 480 2057 to,
509 2012 544 2049 fo
572 2011 730 2048 cacciato
767 2012 808 2049 de
834 2011 1108 2061 Campituoglio
1139 2012 1183 2050 da

417 2064 448 2100 li
475 2063 632 2100 sinnici.
659 2064 707 2100 Li
736 2063 871 2100 Sinnici
909 2062 1011 2100 fuo'ro
1039 2062 1183 2099 stefano

416 2113 462 2151 de
489 2117 522 2150 la
540 2114 747 2154 ¹Colonna,
774 2115 921 2163 Signore
957 2115 993 2150 di
1023 2114 1182 2151 Palestri-

415 2178 487 2210 na,
511 2179 530 2201 e
557 2166 748 2209 Ponceno,
774 2179 792 2201 e
818 2165 966 2202 Miffore
989 2165 1102 2209 orso,
1129 2165 1182 2201 Si-

417 2230 526 2266 gnore
552 2216 593 2252 de
624 2217 661 2252 lo
688 2215 856 2252 Castiello
887 2218 995 2252 Santo
1021 2215 1181 2265 Agnilo.

416 2266 541 2312 Queffi
577 2266 611 2302 se
640 2266 812 2303 reduffero
847 2266 1136 2311 nell’Aracielo,
1163 2280 1182 2303 e

417 2316 538 2353 sonata
577 2318 611 2353 la
647 2330 842 2367 campana,
878 2317 992 2354 fecero
1031 2318 1182 2354 adunare

419 2368 458 2404 lo
486 2368 668 2417 Puopolo,
695 2370 730 2404 la
761 2369 874 2404 moira
909 2369 1100 2404 cavallaria
1127 2382 1182 2404 ar—

419 2428 538 2462 mata,
561 2432 580 2454 e
607 2418 636 2455 li
662 2418 768 2454 moiti
796 2418 944 2466 pedoni.
969 2420 1084 2455 Tutta
1110 2420 1183 2454 Ro-

420 2481 480 2507 ma
506 2469 597 2516 stava
623 2478 776 2506 armata.
801 2471 895 2504 Bene
922 2482 977 2504 me
1004 2482 1048 2504 ne
1072 2468 1182 2504 ricor-

421 2520 468 2556 do
489 2532 592 2556 como
613 2534 673 2568 per
691 2519 845 2557 [nonno.
869 2522 908 2555 10
929 2519 1019 2556 stava
1038 2518 1078 2555 in
1097 2520 1180 2555 San-

406 2577 460 2607 ·ta
494 2570 613 2609 Maria
647 2569 691 2608 de
729 2572 767 2609 lo
804 2569 1002 2609 Piubbico.
1038 2568 1182 2659 Effvidi

1027 2634 1070 2672 pa
1099 2634 1136 2659 a·

820 228 1250 274 HISTORJAE
1287 225 1663 275 ROMANAE

1213 1655 1249 1692 D

1911 235 1997 287 458

1426 342 1459 378 C
1510 342 1547 378 A
1601 342 1641 377 P.
1744 341 1775 375 X
1793 341 1918 377 XVI.

1290 392 1483 438 Quomodo
1511 395 1712 430 Senatorem
1744 391 1922 440 lapidibus
1950 392 2055 430 obru-

1340 451 1416 479 tum
1446 445 1596 481 Romani
1635 441 1862 479 occiderunt.
1899 444 1954 479 De
1981 456 2056 481 ma-

1339 493 1478 542 gnificis
1526 494 1662 531 affiibus
1709 493 1861 530 Domini
1903 494 2051 544 Aegidii

1339 545 1523 581 Caucenfis
1560 560 1603 583 ex
1635 544 1808 593 Hispania
1845 543 2050 582 cardinalis

1340 596 1466 644 Legati
1488 596 1525 632 in
1546 597 1780 644 recuperando
1796 595 1968 633 Ecclesiae
1988 598 2051 632 Pa-

1339 646 1573 690 trimonium,
1609 646 1808 682 Man-chiam
1848 647 2049 684 Anconita-

1339 707 1443 741 nam,
1470 698 1504 732 &
1535 695 1830 733 Romandiolam.

1215 291 1251 328 A

1406 798 1439 832 C
1492 798 1527 833 A
1581 800 1619 833 P.
1724 799 1932 834 XXVII.

1286 845 1479 893 Quomodo
1520 846 1695 882 Dominus
1743 848 1914 883 Nicolaus
1956 849 2053 884 Lau-

1337 896 1444 934 rentii
1472 896 1627 934 reversus
1662 900 1812 933 Romam
1849 898 2049 934 dominium

1337 949 1452 984 multo
1493 961 1572 984 cum
1611 948 1740 996 gaudio
1785 948 1965 985 resumfit.
2003 951 2050 985 Et

1337 999 1516 1047 quomodo
1552 1013 1570 1035 a
1600 1000 1737 1047 Populo
1774 1001 1936 1036 Romano
1971 1012 2048 1036 cru-

1335 1050 1463 1087 deliter
1488 1050 1535 1087 est
1561 1049 1767 1087 interfee'tus
1783 1076 1793 1086 .

1386 1150 1419 1185 C
1471 1149 1506 1184 A
1560 1149 1599 1184 P.
1706 1150 1942 1185 XXVIII.

1213 1199 1249 1238 C
1285 1201 1338 1235 De
1366 1199 1521 1235 adventu
1548 1197 1674 1235 Caroli
1710 1200 1939 1257 Imperatoris
1979 1202 2050 1236 Ro·

1334 1262 1451 1294 mam,
1480 1248 1519 1286 &
1546 1249 1588 1285 de
1620 1250 1693 1299 ejus
1731 1249 1982 1291 coronatione,
2010 1264 2049 1287 ac

1334 1300 1488 1337 reditu
1478 1314 1516 1336 m
1543 1301 1821 1337 Alemanniam.

1487 1403 1521 1439 G
1573 1402 1610 1439 A
1663 1404 1703 1439 P.
1783 1403 1843 1438 11.

1283 1503 1478 1553 Quomodo
1514 1503 1661 1549 Iacobus
1697 1503 1739 1540 de
1775 1504 1914 1540 Sabello
1935 1506 2048 1541 ‘Sena-

1336 1566 1394 1593 tor
1429 1555 1592 1606 expulsus
1628 1554 1697 1592 fuit
1733 1555 1775 1591 de
1811 1554 2003 1604 Capitolio
2031 1569 2049 1593 a

1336 1609 1475 1655 Populo
1500 1610 1682 1643 Romano.
1711 1608 1764 1642 De
1786 1606 1947 1654 equitatu
1973 1608 2049 1642 Do-

1334 1658 1425 1691 mini
1466 1657 1634 1702 Stephani
1676 1657 1718 1690 de
1757 1659 1936 1691 Columna
1963 1682 1974 1698 ‚
2015 1656 2050 1690 δε

1335 1705 1486 1743 Domini
1515 1704 1753 1754 Neapoleonis
1781 1704 1822 1740 de
1851 1704 2007 1741 utfinis.

1414 1812 1565 1856 ‚Quanam
1593 1807 1737 1843 novitate
1770 1806 1922 1853 sermonis
1962 1821 2047 1841 exer-

1413 1860 1472 1894 dt'a
1504 1861 1649 1894 ducam?
1686 1856 1839 1903 Tempora
1871 1859 1988 1902 jacobi
2015 1862 2051 1893 d:

1283 1911 1411 1945 Sabello
1427 1910 1555 1945 dicendi
1574 1908 1702 1943 initium
1724 1908 1844 1952 sacient
1859 1933 1869 1943 .
1897 1910 1928 1943 Is
1951 1921 2045 1956 quum

1285 1964 1466 1997 senatorem
1493 1959 1582 1994 um'ce
1608 1969 1664 2007 pro
1691 1963 1780 2005 Rege
1805 1958 1947 1994 Robmo
1972 1973 2048 2006 age-

1287 2022 1355 2056 ret,
1382 2026 1403 2047 a
1428 2010 1576 2057 Syndicis
1595 2023 1612 2045 e
1637 2009 1798 2057 Capitolio
1823 2009 1938 2056 ejeHus
1956 2011 2047 2056 fuit.

1288 2061 1480 2109 Syndicams
1506 2059 1607 2106 officIo
1634 2070 1709 2095 tunc
1730 2063 1949 2107 fungebantur
1973 2064 2046 2095 Ste-

1221 2109 1251 2145 E
1285 2113 1412 2159 phamas
1434 2113 1475 2147 de
1500 2112 1654 2147 Columna
1681 2112 1836 2147 Dominus
1862 2111 2047 2153 Praeneste,

1289 2163 1336 2203 ψ’
1362 2163 1549 2206 Poncellus,
1586 2164 1629 2197 (9⁶
1655 2163 1811 2198 Dominus
1839 2160 1957 2207 Ursus,
1993 2160 2049 2207 qui

1289 2214 1399 2258 Castro
1433 2213 1546 2249 ,ςάηέΙὶ
1569 2213 1697 2258 Angelt'
1730 2211 1972 2246 dominabatur.
1999 2211 2048 2245 Hi

1289 2269 1335 2302 ad
1356 2268 1463 2301 Aram
1490 2263 1577 2298 Coeli
1594 2271 1820 2297 convenerunt.
1846 2262 1947 2309 Pulsu
1966 2274 2048 2296 cam·

1286 2327 1391 2361 panae
1434 2318 1595 2360 wigerum
1642 2313 1800 2356 Populum
1815 2335 1828 2353 ‚
1877 2312 2048 2358 multosque

1289 2376 1427 2401 armatos
1451 2364 1568 2411 equites
1593 2376 1630 2397 ac
1652 2364 1760 2408 plures
1783 2363 1928 2409 pedites.
1968 2363 2048 2398 Um·-

1289 2416 1381 2460 versa
1406 2419 1554 2450 Romana
1579 2414 1709 2449 Civitas
1734 2426 1825 2450 arma
1849 2414 2047 2460 arripuerat.

1290 2465 1448 2509 Gestorum
1474 2464 1648 2509 tstiusmodi
1673 2464 1843 2500 recordatio
1864 2464 1970 2499 velun·
1992 2475 2049 2509 per

1283 2516 1440 2564 somnium
1473 2529 1558 2551 meae
1591 2516 1689 2551 menti
1722 2514 1924 2561 obversatur.
1958 2518 2049 2550 Tunc

1289 2580 1346 2617 ego
1371 2567 1406 2606 in
1431 2566 1555 2605 Sanfi‘a
1580 2566 1696 2603 Maria
1720 2569 1761 2604 de
1785 2566 1917 2662 Publi}
1953 2565 2050 2606 confi-

1917 2628 1994 2661 ens,
