2232 3089
233 157 284 200 53
496 137 864 185 DisSERTATJO
896 136 1475 196 TRIGESIMAQJARTA.

1693 163 1746 204 54

171 203 290 238 bannes
325 200 484 238 Diamnus
518 209 711 246 cognomento
750 198 931 245 Digitorum
956 204 1000 238 Ἀ
1045 210 1120 232 rum
1144 194 1274 233 semina
1295 198 1388 235 fuere
1408 199 1501 237 inter
1521 202 1710 241 Pontifices
1735 210 1804 243 Ro-

172 255 309 292 murius‚
338 252 393 288 seu
423 251 585 287 mutilus.
616 252 668 284 At
695 262 802 296 quum
838 248 930 283 idem

173 305 366 346 Batonius,
405 303 554 349 Pagius,
590 301 623 335 &
662 300 725 335 alii
763 299 931 347 Diploma

173 354 287 399 illud,
322 364 529 401 quamquam
568 364 611 387 ex
649 349 825 386 Vaticano
862 352 931 385 Ar-

175 405 282 440 ehivo
330 404 549 449 depr-orntum
573 430 583 445 ,
633 400 705 436 falfi
756 401 933 448 arguerint

177 455 308 503 (quam
352 452 584 499 quaestionem
628 453 801 500 attingere
844 451 932 486 mihi

175 518 244 541 non
273 503 316 538 est
344 503 504 551 animus)
535 502 703 551 judicium
740 503 803 538 hac
831 503 872 537 de
900 515 934 537 re

175 554 417 601 suspendamus
448 565 608 589 oportet.
647 553 735 589 Illud
764 554 935 589 duntaxat

173 606 395 651 exploratum
434 604 498 643 est,
529 604 756 640 donationem
794 617 832 639 ac
870 603 934 637 Di·-

176 656 294 704 ploma
331 654 576 696 Constantini,
604 667 691 699 quae
728 663 844 688 tamen
880 667 934 688 ae-

174 719 222 741 vo
243 705 355 740 nostro
376 704 528 751 undique
555 703 701 739 falfitate
724 703 852 738 scatere
877 716 936 738 ne-

176 769 236 791 mo
265 753 492 790 Eruditorum
522 767 590 789 non
625 754 752 799 sentit,
781 753 935 789 san&urn

176 806 264 841 olim
294 804 413 849 fuisse,
441 815 546 853 atque
583 804 742 840 unanimi
773 804 937 840 consensu

176 869 215 892 ac
251 856 419 903 obsequio
457 855 673 902 susceptum,
707 856 744 891 in
783 855 937 891 scaenam

177 907 275 954 saepe
303 906 460 948 rediisse.
489 916 527 942 ut
557 909 733 942 Romanae
769 905 938 942 Ecclesiae

179 957 388 1005 temporalia
428 957 498 1003 jura
527 968 586 993 aut
623 967 851 1005 augerentur,
880 967 939 992 aut

181 1007 303 1043 saltem
341 1007 648 1044 confirmarentur.
681 1010 817 1044 Praeter
847 1019 938 1043 cete-

179 1072 216 1094 ra
244 1060 345 1098 vide,
367 1072 453 1105 quae
480 1073 553 1107 pag.
575 1064 660 1107 637.
684 1061 775 1095 Part.
800 1059 843 1094 11.
865 1060 936 1095 To-

178 1108 230 1145 mi
260 1109 304 1144 II.
345 1112 421 1145 Rer.
452 1109 604 1146 italicar.
642 1112 745 1145 habet
783 1109 940 1144 Farfense

180 1159 389 1196 Chronicon
418 1160 459 1196 de
488 1160 687 1208 hujusmodi
726 1160 940 1195 Donationis

181 1209 239 1245 usu
256 1238 264 1250 ,
293 1210 360 1244 slve
378 1210 492 1245 abusu

234 1259 359 1294 Liceat
387 1258 425 1293 &
454 1259 543 1294 mihi
581 1259 716 1300 dicere,
749 1260 939 1307 suspicandi

182 1309 300 1344 locum
338 1309 424 1350 efl‘e,
453 1309 564 1344 immo
592 1312 624 1345 8<
665 1324 725 1358 pro
759 1321 855 1346 certo
883 1311 924 1346 ha

183 1359 309 1397 hericii,
330 1371 399 1392 non
423 1360 527 1392 aliam
551 1360 648 1394 fuisse
673 1362 845 1407 originem
871 1363 941 1394 Do-

182 1408 321 1444 nationi
362 1408 537 1443 Ludovici
570 1408 646 1446 Pii,
674 1421 762 1453 quae
796 1421 865 1442 non
894 1409 943 1443 se·

182 1472 242 1494 cus
270 1472 308 1493 ac
337 1457 629 1493 Constantiniana
669 1458 860 1499 plurimum
891 1457 938 1492 so-

179 1504 246 1545 'nat
273 1509 309 1544 in
338 1507 570 1543 Ecclefiastica
609 1508 786 1544 Historia.
819 1508 940 1544 Ratio-

182 1572 265 1598 nes,
303 1572 362 1594 cur
398 1568 456 1594 aut
494 1560 595 1606 plane
629 1559 847 1603 confletum,
884 1568 943 1594 aut

180 1609 306 1645 [altem
349 1609 601 1657 interpolatum
644 1611 732 1646 illud
778 1611 943 1657 Diploma

182 1659 324 1695 Eruditi
364 1660 443 1695 Viri
486 1660 706 1701 censuerint,
743 1660 833 1696 nihil
871 1661 943 1704 est,

183 1711 277 1758 quod
319 1724 383 1759 ego
423 1711 460 1746 in
503 1711 692 1760 praesentia
734 1711 943 1760 prosequar,

181 1761 323 1808 quando
360 1761 395 1796 id
424 1762 494 1810 jam
532 1763 683 1808 praestiti
712 1762 749 1798 in
787 1762 943 1798 Pleniori

183 1811 413 1858 Expofirione
439 1814 509 1855 Jur.
534 1813 729 1849 Caesar-eor.
758 1814 792 1848 δε
820 1813 945 1849 Estens.

185 1861 223 1898 in
243 1863 439 1898 Civitatem
466 1864 649 1899 comacli.
677 1864 868 1900 Praeterire
894 1874 943 1899 ta-

186 1924 267 1948 men
289 1926 358 1948 non
381 1914 511 1957 possum
526 1941 535 1958 ,
556 1915 621 1949 effe
648 1914 797 1950 minime
821 1915 944 1949 incon-

186 1976 310 2011 gruum
338 1964 499 2010 opinari,
527 1964 716 2000 confletum
753 1965 850 2001 fuisse
881 1965 945 2000 Di-

187 2015 306 2062 plorna
352 2015 441 2049 illud
484 2014 555 2059 post
595 2015 784 2051 dimidium
831 2015 945 2051 Seculi
974 2021 976 2026 ’
1005 2021 1030 2054 ⁴}
1063 2024 1122 2050 aut
1156 2014 1410 2062 imperantibus
1448 2020 1657 2056 concinnata
1695 2022 1826 2057 fuerint

1028 2091 1031 2122 Ε
1063 2065 1234 2114 ejusmodi
1272 2078 1500 2105 commenta.
1540 2072 1702 2118 Gregorii
1743 2074 1825 2109 VII.

187 2064 319 2100 Christi
349 2066 408 2099 XI.
437 2067 556 2109 Quum
586 2066 680 2101 enim
708 2080 812 2113 grave
840 2067 946 2102 nimis

189 2128 228 2150 ac
249 2114 482 2160 perniciosum
506 2118 682 2152 Romanae
699 2116 870 2152 Ecclefiae
889 2117 947 2152 de—

187 2165 477 2215 prehenderetur,
498 2167 590 2213 quod
619 2167 686 2203 fine
711 2167 947 2215 Augustorum

187 2217 353 2253 consensu
392 2217 601 2253 Pontificem
639 2231 657 2253 a
697 2219 819 2254 multis
858 2228 948 2254 tem—

192 2269 331 2312 poribus
360 2267 556 2303 consecrare
586 2268 734 2304 minime
761 2269 810 2305 fas
838 2270 947 2320 effet3

194 2317 227 2349 &
263 2318 374 2354 rursus
412 2319 628 2355 Nortmanni
656 2319 849 2368 Apuliam,
879 2323 949 2356 Ca-

196 2365 363 2411 labriam,
385 2382 422 2404 ac
449 2369 607 2405 Siciliam
633 2370 848 2406 continuatis
870 2385 949 2419 pro-

196 2414 380 2462 gressibus,
403 2420 436 2453 ὃς
463 2420 641 2455 barbarico
667 2434 762 2456 more
786 2421 847 2456 fibi
874 2421 950 2457 sub—

197 2473 345 2502 derent:
376 2479 461 2514 quae
489 2471 557 2507 duo
593 2470 727 2507 acrium
762 2472 950 2509 discordia·
978 2482 986 2517 ι

1046 261 1190 291 manos,
1220 250 1471 296 Imperatores,
1497 250 1534 288 ὅ(
1565 255 1805 293 Nortmanno-

1046 311 1122 333 rum
1161 310 1333 348 gentem3
1374 314 1443 336 non
1482 303 1559 338 leve
1597 304 1804 343 beneficium

1046 348 1217 385 Ecclefiae
1247 352 1424 387 Romanae
1454 353 1581 400 aliquis
1611 355 1642 390 se
1672 357 1807 393 delatu-

1047 413 1122 434 rum
1153 400 1340 436 arbitratus
1369 401 1464 442 fuit,
1499 403 1520 438 fi
1552 405 1719 453 Diploma
1747 421 1809 443 cu·

1048 450 1174 494 deret,
1211 465 1281 499 quo
1319 453 1523 489 Ludovicus
1563 457 1643 492 Pius
1681 472 1809 493 renun-

1049 501 1145 536 tiasse
1183 502 1271 549 juri,
1313 502 1380 538 five
1411 505 1652 542 consuetudini
1685 509 1811 544 Caesa-

1049 565 1124 586 rum
1161 552 1198 587 in
1236 553 1496 591 consecratione
1527 557 1732 602 Pontificis‚
1768 559 1810 594 sl·-

1050 603 1192 648 mulque
1220 604 1396 647 Corsicam,
1433 608 1618 642 sardiniam
1636 636 1645 651 ,
1683 610 1729 650 (ξ)
1756 610 1812 644 Si-

1049 654 1155 686 ciliam
1179 652 1241 697 sub
1271 654 1452 701 integritate
1484 659 1661 694 Romanae
1690 661 1813 694 Eccle-

1050 702 1113 738 fiae
1144 704 1328 739 contulisse
1359 705 1555 743 videretur.
1596 709 1686 759 Quis
1716 712 1813 745 enim

1050 767 1202 799 unquam
1233 755 1292 790 fibi
1324 756 1548 803 persuadeat,
1585 761 1813 796 Ludovicum

1054 805 1251 852 Principem
1292 806 1464 854 religione
1495 821 1533 843 ac
1564 810 1694 856 pietate
1723 813 1815 846 cele-

1052 855 1144 889 brem
1182 855 1348 903 largitum
1378 856 1475 893 fuifl‘e
1515 860 1615 894 alteri
1644 862 1814 906 Siciliam,

1051 905 1087 939 in
1110 918 1212 952 quam
1242 908 1378 942 nullum
1402 908 1434 942 ei
1464 909 1515 957 jus
1543 920 1636 950 erat,
1661 910 1699 947 &
1727 925 1815 959 quae

1051 966 1135 991 tunc
1174 958 1381 1005 Imperatori
1410 961 1565 1004 Graeco,
1602 963 1634 996 8<
1668 963 1813 1009 quidem

1051 1007 1192 1051 amico,
1224 1008 1386 1055 parebat?
1418 1011 1465 1044 Et
1496 1013 1676 1060 praecipue
1707 1026 1816 1060 quum

1052 1060 1088 1092 in
1127 1057 1412 1106 subsequentibus
1452 1062 1669 1108 Diplomatis
1706 1066 1817 1099 Otto-

1053 1108 1105 1143 nis
1135 1110 1161 1143 Ι.
1190 1108 1227 1144 ἃ
1260 1110 1408 1146 Henrici
1440 1111 1467 1147 Ι.
1497 1114 1615 1160 qualia
1647 1115 1688 1149 ab
1719 1114 1819 1150 Emi-

1054 1158 1254 1194 nentiffimo
1295 1161 1446 1196 Baronio
1486 1164 1708 1211 proferuntur
1739 1175 1817 1200 tan-

1055 1211 1238 1244 tummodo
1268 1212 1473 1247 conceditur
1506 1216 1731 1261 patrimonium
1762 1216 1819 1250 Si-

1054 1259 1167 1302 ciliae,
1202 1260 1228 1300 si
1257 1264 1342 1295 Deus
1380 1263 1489 1303 nostris
1528 1266 1612 1299 illud
1648 1267 1820 1301 tradiderit

1055 1312 1219 1344 manibus.
1256 1312 1360 1346 Tunc
1397 1313 1490 1347 enim
1522 1315 1604 1361 jugo
1637 1316 1818 1351 servitutis

1056 1360 1215 1395 Saraceni
1253 1360 1404 1396 Insulam
1445 1362 1542 1399 illam
1584 1367 1816 1412 premebant.

1058 1409 1157 1443 Paria
1190 1409 1335 1445 dicenda
1372 1424 1560 1449 occurrunt
1589 1415 1631 1450 de
1662 1427 1820 1452 veterum

1059 1457 1292 1502 Augustorum
1322 1460 1416 1506 jure,
1448 1461 1515 1498 five
1548 1477 1641 1500 more
1670 1465 1708 1501 in
1737 1479 1823 1501 con-

1058 1506 1259 1543 firmatione
1297 1509 1382 1546 novi
1423 1513 1632 1550 Pontificis:
1672 1529 1751 1552 nam
1790 1516 1820 1552 is

1058 1557 1129 1606 post
1157 1567 1336 1606 tempora,
1365 1561 1491 1610 quibus
1525 1564 1691 1613 Diploma
1729 1567 1819 1603 illud

1058 1609 1176 1643 datum
1206 1609 1365 1655 dicitur,
1402 1623 1505 1661 atque
1543 1617 1633 1651 ultra
1662 1617 1730 1652 duo
1759 1620 1820 1653 Se-

1059 1660 1135 1694 cula
1165 1659 1388 1707 perduravit,
1426 1664 1567 1700 nemine
1596 1678 1716 1703 contra
1749 1669 1822 1703 cla-

1059 1721 1202 1749 mante,
1231 1710 1399 1747 sublatam
1438 1715 1607 1761 ejusmodi
1638 1718 1821 1754 consuetu-

1059 1761 1176 1796 dinem
1206 1760 1304 1797 fuiffe
1331 1776 1349 1797 a
1379 1765 1566 1802 Ludovico
1596 1767 1680 1803 Pio.
1719 1770 1822 1804 Plura

1061 1825 1131 1846 non
1159 1811 1299 1860 adser03
1327 1822 1431 1862 atque
1459 1815 1542 1852 haec
1569 1817 1640 1865 ipsa
1667 1818 1822 1855 adferens

1060 1864 1164 1911 longe
1206 1863 1362 1911 profesto
1400 1866 1517 1902 absum
1555 1881 1573 1903 a
1611 1868 1823 1917 suspicandis

1063 1914 1164 1948 malis
1201 1914 1332 1950 artibus
1369 1915 1406 1951 in
1437 1919 1614 1954 Romanae
1652 1920 1825 1956 Ecclesiae

1064 1964 1290 2008 ProcerihuS,
1319 1966 1411 2012 quast
1448 1967 1493 2003 iis
1523 1969 1824 2007 consentientibus

1065 2118 1286 2164 aliorumque
1336 2119 1434 2154 illius
1482 2121 1560 2157 aevi
1608 2121 1825 2158 Pontificum

1066 2167 1220 2216 probitas
1251 2166 1288 2203 &
1327 2168 1571 2216 spe&atiffima
1601 2173 1713 2209 virtus
1751 2173 1826 2209 adi-

1067 2229 1141 2254 tum
1165 2219 1392 2266 praecludunt
1412 2222 1620 2269 cuicumque
1647 2225 1764 2259 laevae
1783 2236 1823 2257 o-

1068 2269 1226 2317 pinioni.
1265 2270 1357 2305 lllud
1385 2285 1466 2320 ergo
1494 2274 1653 2310 accidisse
1682 2273 1822 2321 aequius

1067 2319 1274 2355 credendum
1312 2320 1376 2364 est,
1414 2323 1506 2368 quod
1536 2325 1736 2363 continuere
1764 2323 1825 2358 ad-

1067 2369 1134 2405 huc
1181 2370 1353 2407 cernimus
1397 2374 1587 2410 Nobilibus
1634 2375 1715 2409 viris
1763 2382 1823 2420 aut

1069 2422 1313 2469 Principibus,
1351 2437 1436 2471 quos
1475 2424 1676 2460 inveniendi
1708 2424 1824 2471 Majo-

1066 2485 1119 2508 res
1149 2472 1223 2508 suos
1252 2473 1290 2508 in
1316 2474 1564 2510 remotioribus
1591 2473 1722 2510 Seculis
1751 2475 1823 2512 urit

1129 2527 1163 2558 D
1192 2537 1212 2559 2
1673 2524 1774 2574 cupi-
