2232 3089
469 147 519 185 27
823 122 1442 187 ANTIQUIT.MED11
1469 123 1635 167 AEVI
1931 131 1984 172 28

409 189 471 225 His
507 187 692 234 parentibus
727 187 805 222 meis
841 189 990 223 vivorum
1020 188 1066 226 &⁹
1093 199 1174 222 mor-
1210 186 1243 222 A
1288 187 1468 219 Cantorano
1494 197 1561 219 cum
1587 186 1721 224 Monte,
1748 197 1803 232 qut
1826 196 1957 222 vocatur
1975 191 2048 221 ser-

409 252 556 284 tuorum,
583 254 602 274 a
627 238 763 287 presenti
799 238 852 273 die
886 241 988 279 dono,
1025 241 1173 277 concedo,

410 293 503 327 trado
544 290 590 330 &
628 289 884 325 inrevocabiliter
928 291 1048 337 largior
1082 301 1175 335 atque

412 343 507 390 offero
535 357 571 376 ex
596 341 722 390 ριορνὶα
747 354 815 376 mea
844 340 1050 386 substantia,
1088 340 1176 374 nullo

413 394 492 429 mihi
517 394 640 441 penitus
677 403 801 438 cogente
835 405 930 440 neque
965 390 1175 426 contradicen-

413 457 471 488 te,
507 455 564 480 aut
598 445 668 479 virn
698 445 857 488 faciente,
888 443 946 488 sed
978 440 1106 488 propria
1141 453 1177 473 ex

411 497 646 544 spontaneaque
671 508 739 529 mea
766 496 846 528 bona
871 493 1058 536 voluntate,
1085 491 1177 525 vobis

416 548 464 585 ψ’
489 558 543 593 per
569 559 623 579 vos
653 546 685 578 in
714 543 825 578 cunila
843 543 1090 589 Congregatione
1110 543 1177 586 ser-

417 610 528 632 vorum
556 596 708 634 Domini,
736 593 791 642 qui
819 594 852 628 in
875 592 1059 641 supradiffi‘o
1080 606 1177 627 vene-

417 648 517 684 rabili
545 646 735 689 Monasterio
762 658 883 679 manere
918 644 1108 689 noscuntur,
1144 643 1179 677 in

415 709 600 745 perpetuum
643 697 854 742 permanenda
898 695 1088 730 concedimus
1131 692 1178 731 &⁶

418 751 571 785 donamus
598 748 632 782 in
659 748 747 792 usum
775 747 817 779 (9⁶
838 745 995 803 salarium
1022 744 1182 788 vestrum.

421 800 504 841 Ides}
534 798 655 833 Fluvio
681 796 824 867 Majore.
857 798 891 830 in
929 796 1072 854 integro,
1105 794 1238 836 ficut

422 865 443 886 a
470 853 556 885 Lacu
581 849 646 883 exit
674 847 719 886 (y
746 848 840 882 venit
866 847 959 894 usque
985 848 1020 880 in
1046 859 1184 892 aquam,

422 915 481 948 que
506 899 737 947 cognominatur
764 901 921 941 ferrata,
948 910 1017 932 eum
1044 897 1122 943 ripis
1149 910 1185 930 ex

423 962 555 998 utraque
584 960 676 997 parte
702 950 746 984 &
771 924 940 996 aquimolis
966 948 1010 981 δ’
1033 947 1186 992 piscarias

418 1002 497 1047 suas
522 1000 708 1040 habentem,
745 1014 810 1035 una
836 1012 902 1034 cum
928 997 1048 1033 cunc‘iis
1074 998 1185 1045 aquis,

423 1066 482 1100 que
518 1053 552 1086 in
588 1062 650 1086 toto
685 1050 875 1086 sublaciano
910 1049 1065 1084 territorIo
1100 1050 1187 1083 moda

422 1114 540 1150 reperte
579 1104 658 1147 sunt
676 1126 687 1142 ‚
729 1103 763 1136 in
799 1101 960 1136 nominato
995 1099 1187 1142 Monallerio

422 1155 613 1188 concedimus
640 1153 687 1191 &¹
713 1154 866 1188 donamus
885 1151 1111 1189 detinendum,
1140 1151 1187 1183 ita

421 1215 459 1239 ut
482 1214 539 1251 per
575 1204 698 1237 nullius
733 1203 895 1251 ingenium
929 1203 985 1236 vel
1019 1214 1185 1248 argumen-

422 1265 491 1289 tum
517 1255 630 1301 aliqua
655 1267 774 1301 magna
797 1264 962 1298 parvaque
994 1253 1124 1297 persona
1152 1251 1186 1285 in

422 1304 565 1351 qualibet
598 1315 683 1349 aqua
718 1306 753 1337 in
789 1303 864 1349 ipsis
896 1305 1043 1348 partibus
1070 1304 1187 1336 audeat

421 1355 560 1402 aliquem
587 1354 781 1400 aquemolum
807 1354 975 1396 dedicare,
1001 1352 1033 1393 si
1058 1365 1118 1386 non
1144 1351 1187 1393 est

418 1417 477 1453 pet·
502 1404 677 1449 consensum
702 1404 855 1445 Abbati,
891 1403 947 1448 qui
982 1402 1098 1435 ibidem
1130 1412 1187 1446 pro

421 1465 555 1499 tempore
577 1453 696 1498 fuerit.
733 1455 812 1488 Item
847 1464 913 1486 con
905 1455 972 1486 edo
1007 1451 1099 1486 vobis
1123 1453 1184 1485 Co-

422 1507 535 1544 Ionia.
561 1505 618 1552 qui
642 1513 773 1538 vocatur
798 1502 999 1546 Seminaria,
1026 1515 1094 1537 cum
1121 1514 1186 1536 om-

422 1557 478 1592 nia
519 1555 714 1601 pertinentia
749 1554 793 1588 (9‘
826 1553 1011 1599 adjacentia
1048 1553 1110 1598 sua
1151 1552 1186 1587 in

420 1609 581 1653 integrum
608 1618 674 1639 una
698 1618 767 1639 cum
789 1606 947 1638 montibus
967 1603 1014 1641 θ’
1034 1603 1185 1647 collibus,

419 1657 529 1704 plagis
557 1656 601 1690 (θ’
625 1655 864 1702 appendicibus
870 1655 938 1700 suis
954 1678 965 1694 ‚
987 1652 1107 1695 silvis,
1130 1653 1185 1698 sa-

421 1708 556 1742 leblibus
581 1707 767 1746 habentem,
802 1719 870 1741 cum
904 1704 983 1740 lacis
998 1731 1010 1748 ,
1041 1704 1186 1748 sontibus

421 1758 469 1797 &⁹
496 1757 580 1793 rivis
603 1768 704 1804 aque,
731 1770 799 1791 cum
824 1755 982 1801 edificiis,
1016 1754 1187 1802 parietinis

420 1809 579 1858 attiguis,
593 1806 780 1851 adjunctis,
798 1806 892 1853 adja
883 1805 1079 1853 entibusque
1093 1806 1164 1851 suis
1176 1832 1186 1850 ,

421 1873 490 1894 cum
512 1859 690 1907 pantanis,
724 1858 820 1894 cultis
857 1858 900 1893 (9²
935 1857 1087 1902 incultis,
1122 1870 1187 1892 una

422 1923 490 1944 cum
527 1913 661 1954 Monte,
697 1910 754 1956 qui
793 1920 925 1945 vocatur
949 1908 1100 1956 Agusta‚
1131 1908 1187 1953 seu

420 1962 560 2002 Monte,
586 1960 642 2007 qui
667 1960 786 1994 dicitur
812 1960 970 1994 Cervaria
987 1987 997 2003 ‚
1028 1959 1186 2005 simulque

416 2011 576 2055 fundum,
604 2009 660 2056 qui
684 2021 815 2044 vocatur
833 2009 1007 2056 Aprunio,
1033 2022 1100 2043 cum
1120 2022 1185 2043 om-

421 2060 517 2097 nibus
542 2059 736 2103 adjacentiis
762 2059 808 2099 όν
833 2059 1034 2106 pertinentiis
1056 2060 1144 2103 suis.

469 2115 536 2149 Nec
566 2125 627 2146 non
660 2111 703 2144 Θ·
739 2110 1093 2154 [αηᾶιινηλῖιιεζαηείίο
1118 2123 1185 2144 cum

413 2163 483 2207 suis
518 2161 664 2196 omnibus
702 2162 904 2206 pertinentiis
940 2162 995 2195 vel
1034 2161 1184 2203 adjacen-

418 2214 495 2249 tiis.
525 2214 675 2248 Fundum
703 2214 835 2247 Lenanu
866 2225 932 2246 cum
953 2211 1096 2245 omnibus
1117 2211 1187 2255 suis

416 2264 640 2309 pertinentiis.
681 2264 834 2298 fundum
872 2266 1043 2298 Paternum
1071 2263 1104 2295 in
1132 2262 1182 2295 in-

420 2324 563 2362 tegrum,
590 2315 634 2349 (9⁶
660 2315 759 2349 locum
775 2341 785 2356 ,
820 2314 876 2360 qui
902 2324 1033 2348 vocatur
1059 2312 1186 2351 Fistula

421 2366 455 2399 in
481 2367 662 2413 integrum.
699 2365 916 2411 Similiterque
944 2365 1095 2400 Fundum
1121 2366 1184 2396 Te-

417 2415 497 2458 {iine
524 2416 558 2450 in
586 2417 744 2463 integrum
766 2429 833 2450 cum
855 2415 996 2449 omnibus
1017 2413 1088 2459 suis
1113 2423 1183 2456 per-

415 2466 587 2503 tinentiis,
615 2469 766 2502 Fundam
787 2466 1004 2503 Fawiciano.
1032 2467 1187 2503 Fundum

1288 248 1324 270 ra
1350 235 1466 270 Sancsli
1491 236 1590 270 Pauli
1617 235 1651 270 in
1679 236 1854 283 integrum.
1881 241 1976 273 Porro
2003 238 2049 277 ὅ*

1291 287 1402 320 Monte
1427 313 1438 330 ‚
1475 286 1530 333 qui
1560 297 1690 321 vocatur
1725 288 1912 328 Auricuk,
1948 289 2048 324 omni-

1288 337 1401 384 busque
1423 338 1629 384 pertinentiis
1654 338 1709 372 vel
1734 337 1926 383 adjacentiis
1955 341 2048 385 suis.

1288 390 1440 422 Fundum
1484 389 1540 434 qui
1583 398 1714 423 vocatur
1751 393 1944 437 Aguzzanu
1983 403 2050 425 cum

1289 437 1427 479 Ecclesia
1452 438 1568 474 sancti
1593 439 1742 487 Georgii,
1769 454 1833 476 una
1859 455 1926 476 cum
1945 453 2051 488 aqua,

1288 502 1344 535 que
1369 489 1488 522 dicitur
1514 490 1653 537 Frigida
1684 491 1741 535 seu
1767 492 1918 528 Timida.
1956 495 2052 528 Item-

1289 551 1346 585 que
1382 538 1429 576 ἔφ’
1464 541 1617 574 donamus
1651 541 1745 576 vobis
1780 545 1924 577 Montem
1945 570 1956 587 ,
1996 543 2051 588 qui

1289 599 1419 624 vocatur
1444 588 1535 635 Saffa
1565 590 1623 635 seu
1649 592 1774 636 Arsula
1791 618 1801 635 ‚
1831 593 1905 634 five
1939 596 2051 640 quibus

1288 641 1364 675 aliis
1391 640 1554 674 vocabulis
1580 651 1821 688 nuncupantur,
1857 657 1924 678 cum
1952 645 2054 678 omni-

1289 693 1346 726 bus
1382 690 1535 736 finibus,
1572 693 1774 740 terminisque
1809 706 1937 734 earum,
1984 707 2052 730 cum

1285 741 1396 785 fundis
1423 743 1466 775 (9⁶
1492 742 1670 786 casalibus,
1707 757 1773 778 cum
1803 745 1874 789 suis
1906 745 2053 780 omnibu-

1284 791 1361 838 sque
1386 805 1492 827 earum
1514 794 1736 839 pertinentiis.
1764 795 1981 835 Similiterque
2008 798 2051 830 2⁹9·

1290 845 1459 886 Montem,
1499 843 1556 890 qui
1581 854 1711 878 vocatur
1738 837 2052 886 Flautinasomnia

1291 893 1325 927 in
1361 895 1519 940 integrum
1554 893 1718 930 habentem
1753 909 1820 930 cum
1855 897 1967 940 fundis
2005 898 2052 935 (θ’

1290 944 1467 989 casalibus,
1494 958 1562 979 cum
1589 945 1701 985 terris,
1728 945 1869 993 campis,
1896 947 2055 982 montibus·

1290 993 1336 1033 ⁴&
1373 1008 1411 1029 co
1410 994 1504 1029 'libus
1524 1022 1534 1039 ,
1577 996 1686 1043 plagis
1722 1006 1768 1035 (9‘
1804 997 2053 1044 appendicibus,

1289 1047 1496 1080 decurrentem
1524 1046 1616 1093 usque
1652 1047 1686 1080 in
1722 1059 1804 1094 aqua
1831 1049 1871 1082 de
1896 1051 2054 1084 Ferrata.

1290 1098 1442 1131 Fundum
1468 1096 1502 1130 in
1530 1097 1651 1144 integro
1687 1099 1742 1144 qui
1768 1109 1899 1134 vocatur
1925 1100 2056 1134 Rubia-

1290 1160 1354 1181 nu.
1382 1148 1533 1180 Fundum
1560 1149 1705 1183 Marana
1731 1162 1798 1183 cum
1825 1151 1961 1207 Monte,
1997 1149 2053 1196 qui

1288 1206 1418 1231 vocatur
1452 1196 1548 1240 Crufo
1566 1223 1576 1241 ,
1613 1210 1680 1231 cum
1714 1200 1820 1234 omnia
1864 1199 2054 1246 pertinentia

1290 1246 1336 1284 &⁶
1362 1245 1547 1292 adjacentia
1567 1247 1649 1292 sua.
1675 1249 1860 1295 Pariterque
1893 1250 2030 1294 fundum
2045 1273 2053 1287 ,

1289 1297 1345 1344 qui
1389 1306 1520 1332 vocatur
1560 1298 1755 1333 Amiculum
1778 1326 1789 1344 ,
1835 1300 1879 1334 Θ·
1921 1300 2056 1343 fundum

1291 1351 1456 1382 Marmora
1482 1348 1518 1380 in
1539 1347 1720 1393 integrum,
1746 1350 1852 1383 omnia
1872 1349 1940 1391 fibi
1966 1350 2058 1384 invi-

1289 1409 1350 1430 cem
1375 1396 1566 1440 coherentes,
1600 1397 1686 1443 juris
1714 1399 1819 1434 omnia
1850 1398 1962 1444 sancfi‘e
1987 1404 2058 1435 Ro-

1289 1460 1379 1480 mane
1415 1446 1550 1488 Ecclesie
1568 1471 1579 1487 ‚
1613 1447 1710 1488 sicuti
1743 1452 1901 1496 quondam
1936 1450 2055 1497 Pipino

1289 1497 1366 1534 bone
1391 1499 1534 1532 memorie
1563 1498 1737 1541 Vestarario
1760 1500 1900 1546 genitori
1918 1513 1981 1535 meo
1999 1511 2056 1547 per

1287 1549 1422 1596 precepti
1455 1548 1578 1595 pagina
1603 1551 1647 1584 da
1669 1548 1786 1595 sanc‘la
1812 1554 1961 1586 Romana
1988 1554 2055 1585 Ec·

1290 1598 1380 1643 clefia
1406 1599 1526 1634 cunctis
1562 1601 1704 1636 omnibus
1741 1601 1950 1636 immobilibus
1980 1601 2054 1635 locis

1289 1652 1433 1685 detentus
1463 1650 1532 1695 fuit
1546 1675 1557 1691 ‚
1594 1650 1641 1689 ἔφ’
1678 1652 1766 1687 nobis
1802 1652 1836 1687 in
1871 1652 2054 1687 ereditatem

1290 1701 1430 1748 largivit
1445 1728 1457 1745 ‚
1497 1700 1545 1739 &³
1571 1715 1642 1737 mox
1667 1712 1703 1737 ut
1729 1702 1805 1737 meis
1830 1703 1934 1751 quiete
1960 1702 2055 1750 usque

1292 1765 1374 1787 nunc
1398 1752 1525 1787 detinui
1550 1752 1723 1794 manibus,
1759 1754 1808 1789 ita
1833 1765 1890 1801 pro
1915 1754 2056 1799 omnipo-

1292 1803 1389 1838 tentis
1416 1802 1480 1838 Dei
1505 1817 1628 1849 amore,
1655 1807 1848 1852 mercedeque
1866 1806 1972 1840 anime
1996 1818 2059 1838 mee

1292 1854 1327 1888 in
1353 1853 1418 1901 ipso
1447 1855 1627 1890 venerabili
1661 1869 1698 1891 ac
1729 1856 1784 1903 pio
1819 1859 1898 1892 Loco
1932 1856 2058 1890 concedo

1291 1915 1385 1952 atque
1410 1905 1552 1952 largior,
1587 1906 1664 1953 quia
1689 1916 1725 1941 ut
1755 1907 1842 1951 scio,
1870 1907 1982 1940 utilem
2009 1905 2055 1944 ὅ]

1292 1968 1459 2003 congruum
1480 1955 1589 2002 anime
1624 1957 1826 2003 cognoscimus
1854 1955 1929 2002 effe.
1971 1959 2059 1991 Unde

1293 2007 1336 2041 (9'
1361 2007 1465 2040 eodem
1488 2016 1630 2054 precepto
1648 2006 1855 2052 Pontificali‚
1876 2008 1933 2050 seu
1954 2008 1998 2040 (Ψ
2016 2007 2058 2042 ab

1292 2057 1409 2093 amatis
1436 2057 1623 2104 quibusdam
1653 2057 1763 2098 nostris
1788 2056 1978 2099 consortibus
2003 2069 2056 2090 ac-

1292 2119 1381 2152 cepta
1415 2107 1606 2144 babuimus,
1643 2118 1708 2138 una
1740 2118 1807 2139 cum
1842 2105 1922 2141 hanc
1956 2109 2057 2141 dona-

1291 2158 1388 2192 tionis
1423 2155 1576 2189 cartulam
1613 2154 1742 2196 insimul
1777 2154 1870 2191 vobis
1906 2169 1960 2191 eas
1985 2170 2058 2191 con-

1292 2205 1502 2243 tradidimus.
1529 2208 1603 2251 ¹Que
1623 2206 1839 2253 suprascripta
1863 2207 1969 2243 omnia
1988 2221 2056 2243 eum

1293 2256 1506 2293 immobilibus
1533 2257 1634 2296 locis,
1655 2256 1852 2309 singulisque
1872 2257 1939 2299 fibi
1961 2272 2058 2306 gene-

1292 2308 1401 2343 raliter
1427 2305 1474 2344 «y
1502 2307 1536 2341 in
1573 2308 1694 2355 integro
1728 2309 1957 2353 pertinentibus
1976 2336 1986 2351 ‚
2021 2318 2059 2343 ut

1287 2357 1430 2404 superius
1456 2358 1595 2404 legitur,
1623 2373 1644 2394 a
1667 2359 1807 2404 presenti
1829 2360 1882 2394 die
1901 2361 1944 2394 (9⁹
1963 2359 2061 2406 usque

1292 2410 1327 2444 in
1349 2407 1449 2455 finem
1481 2408 1583 2453 seculi
1616 2409 1686 2455 jam
1711 2408 1802 2445 dicia
1836 2411 1902 2445 loca
1939 2410 1974 2444 in
2000 2410 2057 2453 usu

1294 2460 1340 2498 &
1360 2459 1483 2505 salario
1513 2459 1586 2506 jam
1617 2460 1685 2504 sati
1720 2460 1910 2505 Monaflerii
1937 2460 2056 2494 babea-

1930 2510 1974 2544 tis
1989 2537 2000 2555 ‚
