2232 3089
470 154 523 193 43
824 136 1196 195 ANTIQUJT.
1235 133 1450 177 MEDJI
1475 134 1641 179 AEVJ
1932 156 1989 196 44

411 196 514 232 vitati
543 196 703 231 Bononiae
731 196 851 244 integre
882 197 1104 244 persolvatur,
1133 200 1175 231 (9¹
1211 196 1257 230 A*
1288 194 1380 229 Vide
1409 205 1582 241 praeterea
1610 209 1698 242 quae
1727 196 1815 233 hane
1843 198 1881 234 in
1908 212 1980 235 rem
2009 212 2045 233 e—

414 248 448 283 in
476 248 679 282 munitionem
714 247 874 282 civitatis
909 248 1045 293 ejusdem
1082 259 1174 295 pecu-

412 298 502 334 niam
526 297 722 346 praediffam
748 299 893 333 volumus
919 299 1086 333 devenire.
1113 301 1178 333 ,ΑΛ

412 348 502 396 eujus
537 359 694 385 aeternam
729 349 763 384 in
793 349 946 394 posterum
981 349 1175 383 evidentiam

410 400 602 448 praesentem
627 399 779 447 paginam
805 400 952 445 conscribi
979 399 1052 434 inde
1080 399 1174 445 juffi-

413 464 506 491 mus,
535 451 578 485 (9⁴
603 451 758 498 Sigillum
794 453 927 493 nostrum
963 451 1176 494 impendentes

411 501 539 546 fecimus
566 502 638 536 auri
671 502 827 548 puriffimi
852 501 1024 535 munitione
1051 502 1174 535 robora·

413 552 464 587 ri.
491 556 592 587 Anno
619 553 751 587 Domini
777 553 1049 587 CCCCXXXIII.

465 602 655 650 Temporis
692 603 792 638 essem
831 603 1023 652 prodigus,
1062 602 1175 639 immo

414 653 453 690 &
486 653 624 689 erudito
661 653 806 690 Lestori
842 653 1020 703 injurius,
1056 652 1080 688 fi
1117 654 1175 688 vel
1216 648 1243 682 Β

414 717 523 740 unum
553 705 696 740 verbum
724 705 961 751 impenderem
991 704 1032 740 ad
1064 703 1175 739 osten-

414 754 562 790 dendam
589 754 806 802 Diplomatis
834 754 1042 798 falsitatem,
1071 754 1174 802 quip-

412 818 456 854 pe
494 818 581 853 quae
618 804 828 852 apertissime
864 805 902 841 in
938 806 1060 840 oculos
1096 818 1173 840 om—

412 855 537 899 nium,
564 855 704 891 nemine
731 855 839 891 etiam
879 855 1081 895 indicante,
1117 854 1174 890 in-

413 913 548 942 currat.
593 908 675 941 Non
711 905 909 955 improbata
945 905 1089 954 quidem
1118 905 1174 941 vi-

413 956 515 992 detur
542 955 707 992 solemnis
735 956 819 993 haec
855 956 1044 1006 impostura
1072 956 1173 1005 Sigo-

412 1007 475 1043 nio
511 1007 626 1043 nostro
663 1007 701 1043 in
742 1007 899 1044 Historia
941 1007 1172 1043 Bononiensi.

411 1060 467 1093 At
494 1057 584 1093 mihi
621 1058 706 1106 justa
742 1057 937 1107 suspicandi
966 1059 1075 1095 caussa
1103 1058 1173 1099 est,

412 1109 522 1166 Operi
550 1108 608 1144 illi
636 1109 708 1157 post
734 1110 807 1157 ejus
832 1119 983 1146 mortem
1005 1110 1102 1146 edito
1122 1111 1174 1145 la—
1197 1100 1241 1138 'C

411 1171 543 1194 cimam
572 1159 614 1195 ab
642 1160 764 1209 aliquo
792 1161 936 1196 assutam
963 1160 1083 1196 fuisse.
1107 1161 1173 1196 Vi-

409 1209 452 1244 de
479 1223 567 1257 quae
594 1209 672 1246 dixi
699 1212 737 1246 in
766 1210 918 1260 ejusdem
946 1210 1084 1259 Sigonii
1107 1211 1173 1246 Vi-

408 1260 465 1301 ta,
503 1261 575 1307 ejus
603 1261 777 1308 Operibus
813 1261 852 1297 in
879 1261 1066 1298 noviffimzi
1092 1263 1173 1297 Me-

407 1310 598 1345 diolanensi
626 1311 783 1346 editione
809 1311 1018 1359 praeposita.
1047 1314 1172 1358 Neque

407 1361 500 1395 ultra
528 1359 570 1396 de
598 1360 810 1396 Bononiensi
838 1361 1049 1408 Gymnafio.
1078 1362 1171 1398 Illud

407 1410 527 1457 potius
564 1411 937 1456 animadvertendum,
975 1413 1017 1446 ab
1053 1411 1170 1459 impo-

407 1461 520 1504 store,
554 1460 611 1497 cui
638 1459 677 1496 in
705 1470 847 1510 promtu
886 1468 960 1498 erat
996 1460 1170 1509 quidquid

409 1512 550 1547 lubebat
573 1511 610 1547 in
632 1510 710 1548 suae
737 1510 915 1548 Civitatis
943 1512 1169 1548 commodum

407 1575 581 1610 apponere
603 1575 642 1598 ac
663 1563 866 1608 venditare,
896 1562 1170 1599 Bononiensium

408 1612 494 1647 fines
521 1613 563 1647 ad
591 1613 822 1649 Occidentem
856 1613 1050 1663 designatos
1086 1613 1170 1649 fuis-

408 1661 461 1702 se,
492 1663 574 1703 ficut
609 1664 778 1699 scoltenna
806 1664 864 1709 seu
897 1665 1075 1701 Panarium
1114 1666 1170 1698 de-

399 1713 483 1759 fluit
510 1713 543 1748 in
570 1716 720 1754 Padum,
751 1714 802 1751 ita
830 1723 870 1751 ut
897 1714 1049 1752 fluvium
1077 1714 1170 1750 hune

407 1765 535 1800 nebulo
574 1764 668 1801 inter
707 1765 945 1802 Bononienses
981 1766 1016 1800 &
1052 1765 1170 1801 Muti-

406 1814 525 1850 nenses
561 1814 718 1851 limitem
758 1815 944 1853 statuerit.
984 1815 1049 1852 Sed
1085 1816 1169 1852 haee

405 1864 577 1901 sententia
597 1865 815 1903 adversantia
836 1867 897 1903 fibi
922 1867 1029 1904 habet
1046 1866 1167 1903 omnia

406 1915 632 1961 antiquitatis
671 1928 922 1958 monumenta,
958 1931 1002 1954 ex
1042 1917 1169 1966 quibus

406 1964 538 2000 constat
565 1993 575 2009 ‚
622 1969 864 2005 Nonantulam
892 1997 902 2013 ‚
954 1970 1131 2004 Bazanum
1157 1996 1169 2013 ‚

406 2016 572 2051 Mentem
601 2017 755 2053 Bellium
773 2046 783 2062 ,
821 2027 924 2065 atque
953 2019 1022 2053 alia
1049 2018 1168 2054 Castra

407 2067 498 2101 ultra
527 2067 750 2103 Scultennam
789 2068 873 2107 fita,
911 2068 952 2103 ad
981 2067 1167 2104 Mutinen-

404 2116 475 2151 sem
512 2130 633 2164 agrum
663 2120 719 2153 vel
757 2119 913 2167 antiquis
950 2119 1168 2167 temporibus

406 2166 591 2215 speaaffe;
621 2168 766 2215 verique
786 2168 897 2205 simile
919 2169 1053 2209 videri,
1081 2172 1163 2206 Mu-

405 2216 591 2252 tinensium
620 2218 794 2254 ditionem
823 2220 863 2255 ad
892 2219 1070 2256 Lavinum
1101 2219 1165 2255 fiu-

406 2267 527 2311 vium,
557 2277 617 2303 aut
642 2268 764 2305 saltem
786 2270 827 2305 ad
856 2270 1053 2306 Samodiam
1076 2270 1164 2305 olim

404 2317 472 2353 sese
500 2318 733 2365 protendisse,
773 2329 811 2355 ut
838 2321 974 2356 erudite
1001 2320 1165 2368 opinatus

405 2368 449 2402 est
476 2370 533 2404 Cl.
562 2373 606 2405 V.
637 2372 717 2405 Don
748 2370 879 2418 Gaspar
908 2373 1067 2406 Berettus
1100 2373 1164 2406 Be-

405 2418 603 2455 nediCtinus
644 2420 680 2455 in
726 2422 976 2457 Dissertatione
1002 2448 1011 2464 ,
1058 2433 1162 2468 quam

405 2469 584 2517 praeposui
612 2472 730 2508 Tomo
758 2474 800 2508 X.
830 2474 908 2509 Rer.
937 2472 1163 2510 Italicarum.

1204 2283 1236 2296 ιι
1280 2265 1409 2300 bellum
1457 2264 1565 2300 civile

1286 258 1331 293 go
1359 244 1498 282 disserui
1526 247 1564 282 in
1594 247 1735 283 Differt.
1765 250 1860 284 XXI.
1888 249 1930 285 de
1957 250 2045 284 anti—

1285 308 1344 341 quo
1370 297 1487 331 Italiae
1517 297 1628 340 statu.
1658 299 1789 334 Verum
1819 299 2044 336 Bononiensis

1286 348 1414 394 Populi
1441 347 1535 383 nihil
1563 348 1732 386 intererat
1758 349 1796 385 in
1817 349 2044 397 antiquorum

1285 408 1513 434 monumenta
1556 399 1756 447 inquirere.
1793 400 1850 437 Ut
1886 401 1939 449 jus
1982 400 2045 436 fibi

1283 448 1479 485 tribuerent
1514 449 1552 485 in
1582 450 1781 487 universum
1810 465 1930 501 agrum
1959 452 2045 487 Mu-

1284 498 1470 535 tinenfium
1499 502 1591 537 ultra
1617 503 1841 539 Scultennam
1871 501 2043 552 positum,

1284 551 1334 584 sat
1361 549 1440 597 ipsis
1467 550 1537 587 fuit
1564 553 1856 589 commenticium
1884 552 2042 589 consule-

1282 613 1318 635 re
1345 600 1378 635 ἃ
1407 614 1545 637 exerere
1576 603 1858 639 Theodofianum
1891 603 2044 639 Privile-

1283 650 1401 698 gium.
1429 653 1476 687 Et
1504 653 1597 699 quod
1625 653 1770 692 mirere,
1798 667 1840 689 eo
1864 666 1934 690 uno
1961 652 2042 689 freti

1282 701 1376 736 nihil
1402 701 1619 739 intentatum
1656 704 1848 751 reliquere,
1887 713 1927 739 ut
1964 703 2042 738 suos

1283 750 1368 787 fines
1389 752 1494 799 usque
1514 753 1555 788 ad
1575 755 1798 789 Scultennam
1825 753 2042 800 proferrent,

1283 810 1388 849 atque
1414 803 1612 852 expilarent
1647 804 1901 840 Mutinenfium
1935 807 2044 840 Rem-

1283 852 1481 900 publicam.
1509 854 1549 889 Id
1576 855 1760 903 praecipue
1787 865 1962 891 tentatum
1996 854 2043 890 est

1282 904 1407 939 Seculo
1448 903 1578 941 Christi
1620 905 1921 950 Tertiodecimo,
1970 918 2042 953 quo

1284 954 1556 991 Bononienfium
1578 956 1758 1005 potentia,
1786 955 1965 991 fortunam
1993 955 2043 990 se-

1282 1004 1430 1040 cundam
1458 1016 1622 1054 experta,
1654 1008 1766 1042 multa
1801 1006 1864 1042 fibi
1895 1006 1932 1042 in
1962 1006 2043 1041 Fla-

1281 1054 1392 1091 minia
1434 1055 1660 1097 subdiderat,
1697 1059 1731 1093 &
1769 1057 1864 1107 paria
1901 1069 2043 1104 quoque

1280 1105 1446 1142 finitimis
1482 1108 1741 1144 Mutinenfibus
1783 1107 2042 1144 minitabatur.

1280 1155 1562 1192 Theodosianum
1592 1159 1762 1207 Diploma
1798 1168 1882 1194 tunc
1911 1157 2042 1205 ubique

1280 1205 1444 1246 sonabat,
1474 1207 1677 1255 animosque
1704 1211 1841 1255 Populo
1868 1209 2042 1252 addebat,

1280 1266 1320 1292 ut
1361 1257 1532 1305 quidquid
1572 1258 1767 1294 Mutinensi
1814 1258 2044 1306 Reipublicae

1279 1305 1457 1355 reliquum
1485 1317 1559 1344 erat
1586 1310 1678 1346 ultra
1707 1309 1952 1352 Scultennam,
1988 1321 2043 1356 ar-

1280 1360 1375 1394 mata
1410 1358 1448 1395 vi
1490 1359 1709 1404 eriperetur.
1752 1359 1970 1394 Universum
2007 1371 2045 1392 e-

1280 1407 1355 1441 nim
1384 1419 1504 1455 agrurn
1532 1407 1636 1443 illum
1656 1435 1666 1451 ‚
1704 1407 1757 1442 uti
1794 1408 2043 1447 somniabant,

1281 1456 1398 1505 junior
1426 1457 1641 1495 Theodosius
1670 1458 1880 1493 Bononiensi
1908 1459 2044 1494 tribue-

1279 1516 1355 1543 rat.
1384 1509 1507 1555 Itaque
1537 1509 1767 1545 plebiscitum
1795 1509 2017 1545 efformatum
2031 1517 2048 1553 ,'

1280 1556 1319 1593 &
1360 1557 1398 1592 in
1444 1570 1617 1596 marmore
1657 1560 1764 1596 etiam
1808 1559 1876 1596 fuit
1916 1558 2042 1595 inscri-

1280 1617 1402 1656 ptum,
1431 1621 1490 1657 per
1517 1611 1611 1657 quod
1647 1610 1773 1659 singuli
1812 1610 1898 1646 novi
1937 1611 2041 1645 Prae-

1280 1669 1373 1695 tores
1401 1659 1623 1709 jurejurando
1651 1663 1921 1711 pollicerentur,
1948 1660 2040 1695 sein

1281 1709 1503 1747 Mutinenses
1526 1714 1719 1749 exercitum
1745 1712 1949 1755 eduauros,
1977 1710 2040 1746 do·-

1281 1774 1343 1797 nec
1380 1761 1565 1810 antiquum
1604 1763 1697 1799 Urbi
1735 1763 1812 1800 suae
1849 1775 1967 1812 agrum
2000 1775 2040 1797 u-

1280 1811 1362 1859 sque
1381 1812 1422 1848 ad
1443 1814 1667 1850 Scultennam
1687 1814 1924 1851 restituerent.
1941 1815 2039 1848 Tum

1279 1865 1389 1898 Anno
1416 1865 1679 1901 MCCLXXII.
1707 1867 1965 1901 conclamatum
1994 1863 2039 1900 est

1278 1912 1317 1948 in
1341 1914 1562 1951 Mutinenses
1589 1916 1701 1964 ipsos.
1730 1916 1794 1952 Sed
1821 1928 1928 1963 quum
1950 1915 2042 1951 Hie-

1278 1964 1467 2001 remiarum
1504 1965 1612 2002 factio
1639 1966 1897 2003 Mutinensibus
1926 1965 2039 2001 amica

1278 2015 1477 2060 obfisteret‚
1505 2017 1658 2065 dejeffius
1686 2017 1730 2054 est
1756 2018 1820 2053 ille
1856 2016 1971 2063 lapis,
1999 2014 2038 2050 &

1278 2065 1452 2102 rescissum
1495 2067 1658 2114 iniquum
1696 2068 1903 2101 decretum.
1939 2065 2037 2100 Hinc

1281 2126 1396 2153 autem
1434 2116 1515 2151 odia
1550 2116 1711 2150 intestina
1747 2129 1786 2150 ac
1822 2113 2037 2150 inimicitiae

1279 2166 1522 2200 succreverunt
1560 2164 1654 2200 inter
1693 2164 1960 2202 Lambertacios
1997 2163 2036 2200 &

1244 2194 1249 2284 ὃ
1278 2214 1498 2253 Hieremias,
1526 2227 1568 2250 eo
1595 2215 1794 2252 animorum
1831 2215 1968 2259 furore,
1996 2224 2036 2250 ut

1607 2268 1716 2302 Anno
1756 2268 2037 2304 MCCLXXIV.

1278 2314 1463 2354 exarserit,
1501 2315 1539 2350 ὅ(
1569 2317 1683 2353 coaffi
1709 2316 1841 2354 fuerint
1866 2319 2039 2354 Lamber-

1278 2364 1360 2400 tacii
1401 2364 1480 2413 suga
1515 2365 1662 2402 salutem
1703 2381 1884 2416 quaerere:
1930 2379 2037 2415 quam

1279 2416 1542 2451 contentionem
1585 2431 1665 2453 cum
1707 2419 1824 2454 caedes
1875 2419 2035 2460 multae,

1240 2457 1245 2499 Ι
1278 2476 1354 2503 tum
1381 2466 1574 2505 declinatio
1602 2468 1829 2507 Bononiensis
1856 2467 2035 2518 potentiae

1871 2517 1984 2555 subse-
