2232 3089
459 166 482 205 7
803 147 1034 205 ANTJQ

1049 145 1176 189 UIT.
1219 142 1436 187 MEDII
1470 143 1631 187 AEVI

401 207 532 244 hausit.
561 206 739 243 Excitatis
767 206 893 243 deinde
922 205 1169 243 controversiis
1198 205 1242 245 A
1272 216 1352 239 nere
1389 202 1521 240 caruit.
1557 204 1730 252 Exempla
1767 206 1885 242 afferre
1912 205 1950 242 ἂ
1979 206 2033 243 su-

402 273 441 294 ac
471 258 610 293 diversis
640 260 837 294 animorum
877 257 1018 298 studiis.
1047 256 1083 292 in
1111 257 1167 291 ea-

401 310 478 345 dem
510 311 610 344 areni
640 320 814 345 certarunt
843 307 1034 344 dofflffimi
1062 306 1168 350 Viri,

402 362 576 408 Georgius
617 360 803 396 Hicuesius
835 361 870 395 in
900 359 1055 408 Anglia,
1084 358 1160 392 Bar·

402 411 622 447 tholomaeus
667 412 879 447 Germonius
930 424 948 445 e
993 408 1168 445 societate

402 464 502 506 jem,
530 476 568 498 ac
596 462 839 499 Theodoricus
869 460 1073 496 Ruinartius
1103 460 1167 494 Be-

403 513 601 548 rie-&inus
631 527 665 548 in
694 513 833 551 Gallia,
862 511 898 547 ὅ(
937 512 1045 554 Iustus
1074 512 1166 544 Fon-

402 566 558 598 rav-imus
577 566 611 598 in
637 564 732 597 itali<¹
748 590 756 597 .
778 561 868 597 Do&
890 561 1006 596 ffimus
1027 572 1167 609 quoque

402 614 440 649 vi
488 614 606 660 Scipio
643 613 804 661 Maffejus
833 613 1026 650 Mauhio,
1055 613 1167 645 Vero-

402 664 556 700 newsmm
585 665 709 705 decus,
736 664 840 699 editis
870 667 976 698 Anno
1003 662 1166 697 MDCC-

402 716 557 750 xxvii.
584 714 705 749 multis
732 715 887 761 antiquis
915 714 1083 760 Papyris‚
1107 724 1168 746 va-

402 765 455 801 ria
485 766 618 800 lumina
643 767 861 808 antiquariae
890 763 972 798 huic
999 761 1083 797 Arti
1109 761 1168 796 ad—

403 816 518 857 didit,
550 817 580 851 δ(
627 817 721 863 plura
765 816 870 848 eriam
917 814 954 848 in
997 813 1167 860 posterum

403 866 536 924 sperare
565 879 626 900 nos
653 865 757 900 facit.
788 866 946 911 Denique
974 863 1016 898 de
1041 864 1167 911 Diplo-

403 917 535 952 matica
577 919 831 951 Germanorum
883 916 1020 963 egregie
1061 926 1196 960 nuper

403 968 479 1015 egit
505 966 725 1002 Clariffimus
750 967 786 1001 P.
812 965 1024 1000 Godefridus
1051 961 1196 999 Abbas
1194 976 1196 998 2

405 1016 655 1053 Gor-wirensis
697 1016 733 1051 in
773 1017 894 1050 Tomo
932 1017 958 1049 1.
996 1001 1197 1055 Chronicil

405 1067 685 1108 Gottwicenfis

727 1067 823 1115 cujus
866 1066 1091 1101 continuatio
1134 1063 1197 1099 in*

404 1119 580 1154 desideriis
627 1117 671 1153 est
718 1116 898 1152 universae
945 1116 1172 1158 Reipublicae
1201 1111 1237 1149 C

404 1170 623 1206 Literariae.
666 1168 858 1203 Hfloriam
901 1166 1063 1202 Criticae
1107 1168 1170 1200 Di-

403 1220 617 1269 plomaticae
656 1220 756 1253 nobis
794 1218 890 1253 dedit
930 1227 1009 1252 ante
1045 1229 1172 1263 paucos

406 1283 516 1305 annos
545 1270 581 1304 in
610 1268 797 1304 Germania
826 1270 878 1311 Jo.
909 1269 1028 1302 Petrus
1056 1268 1172 1303 Lude-

404 1321 480 1366 wig
508 1321 545 1354 in
580 1318 724 1354 Praefat
754 1318 794 1352 ad
834 1317 1018 1364 Reliquias
1048 1319 1172 1353 Msto—

403 1383 481 1406 rum
540 1367 579 1405 &
630 1370 909 1415 Dtplomatumg
957 1369 1173 1403 luculentius

402 1420 530 1456 deinde
568 1418 602 1453 in
643 1419 746 1453 Italia
775 1417 834 1453 Cl.
864 1419 909 1451 V.
937 1416 1069 1462 Gaspar
1107 1417 1170 1451 Be—

403 1480 542 1508 rettus,
585 1468 806 1504 Benediffin»
849 1467 996 1501 Ordinis
1044 1467 1174 1514 grande

402 1531 673 1559 ornamentum,
715 1520 750 1554 in
791 1517 931 1554 Differt.
959 1517 1000 1552 ad
1039 1516 1174 1553 Censu-

403 1585 478 1608 ram
509 1572 586 1607 suae
614 1571 703 1607 Tab.
730 1570 903 1618 Chorogr.
929 1571 1094 1615 Aequum
1123 1567 1173 1603 sa-

403 1635 447 1658 ne
476 1622 589 1664 foret,
617 1633 655 1657 ut
684 1621 762 1656 heic
792 1621 882 1655 mihi
911 1618 1088 1654 filentium
1117 1619 1170 1654 in-

402 1673 580 1715 dicerem,
608 1682 713 1720 atque
741 1670 970 1706 insalutatum
1010 1668 1172 1704 dimitte-

401 1737 474 1759 rem
513 1733 781 1768 argumentum,
810 1721 846 1755 in
879 1734 949 1767 quo
989 1720 1171 1765 expolien—

400 1773 447 1807 do
475 1773 560 1807 adeo
590 1772 714 1807 utilem
746 1770 912 1807 haste-nus
946 1783 1086 1819 operam
1118 1779 1173 1806 tot

401 1823 544 1859 Eruditi
572 1823 652 1858 Viri
682 1822 893 1870 posuerunt,
915 1831 953 1858 ut
982 1821 1042 1857 vix
1069 1821 1173 1869 quid-

400 1886 506 1921 quam
537 1873 711 1923 spicilegii
751 1875 928 1922 reliquum
958 1873 1024 1909 effe
1054 1873 1172 1908 videa-

401 1934 480 1960 tur.
511 1927 682 1960 Attamen
721 1938 828 1973 quum
868 1923 1041 1973 proposita
1082 1923 1171 1959 mihi

401 1974 559 2011 eruditio
587 1978 811 2010 saeculorum
841 1976 1005 2017 rudium,
1034 1975 1171 2021 aliquid
1197 2015 1198 2020 ¹

400 2026 435 2061 ἃ
465 2026 543 2061 heic
571 2039 588 2060 a
619 2039 673 2061 me
704 2035 820 2073 petat,
851 2026 996 2072 paucula
1024 2025 1168 2060 adnota—

401 2077 469 2117 bo,
490 2089 639 2123 quorum
667 2075 817 2111 fortassis
844 2076 911 2111 erit
937 2075 1066 2122 aliquis
1093 2071 1170 2111 usus

402 2126 439 2163 in
469 2127 639 2174 ejuimodi
671 2127 892 2175 provinciam
921 2126 1141 2176 ingressuris.

455 2180 578 2224 Itaque
607 2179 723 2226 primo
750 2177 965 2213 statuendum
996 2176 1062 2215 est,
1090 2177 1169 2212 nul-

401 2228 474 2263 lum
512 2230 674 2264 Seculum
699 2256 708 2270 ,
748 2229 885 2264 nullum
927 2230 1085 2275 Regnum
1123 2228 1166 2263 li—

399 2281 484 2315 teris
512 2289 611 2314 utens
637 2280 724 2315 olim
756 2280 791 2315 in
817 2281 956 2326 Europa
982 2278 1168 2322 exstitisse,

400 2331 494 2374 quod
523 2332 682 2367 immune
712 2331 743 2366 se
771 2332 813 2366 ab
845 2331 913 2365 im
913 2329 1090 2365 ostorlbus
1119 2329 1166 2378 ja·

401 2379 493 2415 &are
524 2382 699 2428 potuerit.
730 2384 843 2416 Immo
870 2395 909 2416 ne
936 2382 1064 2416 ultima
1090 2379 1169 2428 qui-

399 2430 478 2465 dem
518 2433 638 2468 Secula
663 2461 673 2477 ,
715 2443 818 2481 atque
856 2431 928 2480 ipsa
968 2430 1077 2466 nostra
1115 2442 1166 2465 ae—

400 2489 474 2520 tas,
514 2481 752 2519 abominando
787 2484 856 2520 hoc
892 2482 1080 2520 hominum
1111 2493 1170 2532 ge-

1205 1563 1239 1598 D

1273 267 1523 300 pervacaneum
1562 255 1745 295 truditis,
1781 258 1814 291 &
1852 258 2033 293 molestum

1273 304 1478 352 quibusdam
1510 306 1698 342 Ineruditis
1727 305 1837 342 foret.
1866 308 1928 342 Sed
1956 309 2035 343 lon-

1272 368 1314 404 ge
1341 355 1562 392 commodius
1587 366 1692 405 atque
1716 357 1752 392 in
1780 367 1920 404 promtu
1945 358 2034 393 olim

1273 406 1341 442 fuit
1371 407 1535 442 Fallariis
1567 407 1782 443 adulterinos
1819 408 1895 443 suos
1924 407 2037 443 foetus

1274 458 1483 505 procudere,
1512 467 1616 505 atque
1653 457 1815 494 audaster
1851 458 1887 494 in
1921 457 2040 503 publi-

1273 520 1351 542 cum
1384 508 1582 552 effundere,
1610 509 1702 556 quod
1740 508 1832 557 spem
1870 508 2038 556 impostu-

1272 570 1329 592 rae
1367 570 1545 605 nunquam
1588 559 1800 607 detegendae
1836 558 1965 595 faceret
2005 559 2038 594 i-

1272 608 1458 655 gnorantia
1497 608 1695 644 Literarum
1717 638 1724 650 ,
1762 610 1797 643 δ(
1836 609 2036 655 praesertim

1208 658 1454 705 Rimperitia
1490 658 1649 694 criticae
1686 658 1816 697 Artis,
1854 672 1920 705 qua
1959 659 2039 694 uni-

1274 707 1358 744 versi
1388 708 1494 744 ferme
1522 721 1640 743 eorum
1668 710 1891 744 saeculorum
1922 709 2039 745 homi-

1273 771 1333 794 nes
1361 759 1587 794 laborabant.
1616 761 1783 795 Poterant
1821 759 1970 800 insulsa,
1999 758 2038 796 ὅ(

1224 810 1427 857 undique
1451 808 1634 845 falfitatem
1661 809 1827 856 spirantia
1852 809 2041 858 Diploma-

1275 870 1309 895 ta
1338 859 1515 908 confingi:
1548 859 1633 895 haec
1671 862 1761 895 bona
1798 874 1879 908 gens
1915 863 2038 896 eodem

1272 909 1464 958 obsequio,
1505 911 1650 958 parique
1693 910 1901 946 credulitate
1943 912 2041 946 exci—

1274 960 1414 1007 piebat,
1452 974 1492 995 ac
1529 959 1724 996 firmissima
1765 962 1799 995 &
1837 960 2041 997 authentica

1274 1021 1524 1046 monumenta.
1564 1013 1679 1046 Duum
1718 1021 1833 1046 autern
1874 1024 2041 1059 generum

1273 1060 1389 1102 fuere,
1418 1061 1479 1109 qui
1510 1061 1714 1110 illegitimis
1742 1061 1835 1098 hisce
1867 1062 2041 1098 mercibus

1273 1112 1438 1147 delectati
1468 1111 1566 1148 sunt.
1598 1112 1710 1148 Primi
1748 1113 1836 1148 bona
1866 1112 1933 1148 fide
1961 1126 2042 1161 age-

1273 1162 1380 1201 bant,
1405 1161 1570 1208 nihilque
1597 1162 1669 1197 falfi
1698 1162 1930 1210 suspicantes,
1956 1163 2045 1199 faci·-

1273 1213 1306 1248 le
1334 1211 1396 1247 fibi
1433 1213 1657 1259 patiebantur
1692 1212 1834 1248 obtrudi
1863 1213 2041 1258 chartas,

1274 1276 1358 1310 quas
1397 1261 1500 1310 figuli
1542 1275 1690 1310 nequam
1736 1261 1950 1311 effingebant
1986 1277 2044 1298 ca-

1276 1313 1398 1360 ptandi
1426 1312 1515 1349 lucri
1545 1324 1605 1349 aut
1642 1312 1775 1361 gratiae
1811 1313 1947 1348 caussa.
1985 1312 2044 1348 Ad

1275 1364 1359 1397 haec
1396 1363 1572 1395 interdum
1612 1360 1879 1397 consentiebant
1918 1364 1948 1397 8‹
1982 1362 2045 1409 ipfi

1275 1412 1312 1447 in
1350 1410 1519 1459 ejusmodi
1559 1410 1738 1451 fraudem,
1765 1412 1826 1459 qui
1864 1425 1939 1448 eam
1979 1412 2044 1449 fibi

1276 1463 1401 1497 utilem
1442 1460 1516 1497 fore
1554 1460 1778 1505 sentiebant,
1816 1462 1868 1498 nil
1908 1462 2046 1499 sceleris

1276 1523 1334 1549 aut
1363 1512 1607 1559 improbitatis
1636 1512 1696 1548 fibi
1735 1512 1962 1548 tribuendum
1991 1527 2047 1549 ra-

1275 1564 1327 1603 ti,
1352 1565 1445 1612 quod
1475 1563 1628 1600 Chartae
1656 1564 1740 1599 illae
1769 1564 1974 1611 plerumque
2001 1563 2046 1599 ad

1276 1627 1357 1650 vera
1400 1616 1476 1664 jura
1518 1615 1647 1650 tuenda
1689 1613 1965 1656 fabricarentur

1276 1665 1412 1701 nemini
1459 1665 1675 1701 detrimento
1723 1664 1861 1701 futurae
1910 1665 2043 1701 effent:

1277 1715 1370 1764 quod
1389 1716 1606 1763 potiffimum
1630 1716 1688 1752 usu
1705 1718 1793 1752 olim
1819 1716 1942 1755 venit,
1957 1727 2046 1761 quo-

1277 1768 1343 1802 ties
1386 1767 1578 1814 deperditis
1617 1769 1774 1816 antiquis
1814 1765 2048 1814 Privilegiis.

1281 1818 1527 1866 Diplomatis‚
1565 1829 1626 1855 aut
1667 1816 1933 1858 Instrumentis,
1972 1817 2049 1851 bre-

1280 1869 1416 1905 viorem
1445 1872 1486 1905 ad
1523 1883 1561 1905 ea
1589 1869 1803 1905 resarcienda
1842 1869 1936 1905 viam
1967 1879 2050 1902 cen-

1280 1919 1396 1963 suere,
1422 1933 1513 1954 nova
1541 1920 1610 1955 alia
1632 1930 1799 1969 tanquam
1827 1930 1943 1955 vetera
1972 1917 2052 1974 sup-

1281 1983 1427 2019 ponere.
1459 1972 1543 2006 Non
1572 1970 1602 2006 is
1631 1980 1723 2006 certe
1761 1970 1858 2014 sum,
1887 1970 1947 2028 qui
1977 1968 2052 2015 eju-

1280 2021 1391 2057 smodi
1430 2020 1618 2065 fraudem,
1655 2034 1855 2069 quanquam
1894 2020 1931 2053 in
1970 2018 2050 2052 nul-

1281 2073 1349 2107 lius
1378 2072 1631 2108 detrimentum
1663 2070 1926 2117 excogitatam
1955 2068 2052 2102 deal-

1282 2124 1361 2158 bare
1390 2123 1520 2155 velim.
1548 2120 1642 2155 lllud
1680 2130 1798 2154 tamen
1834 2117 2050 2167 pronuntio,

1281 2171 1481 2216 improbum
1520 2170 1631 2206 animi
1669 2170 1831 2206 affictum
1865 2171 1907 2205 ab
1939 2169 1983 2205 iis
2011 2181 2049 2202 a·

1281 2223 1378 2268 liqua
1414 2234 1458 2256 ex
1496 2230 1593 2264 parte
1631 2221 1774 2257 abfuisse
1812 2220 1947 2260 videri,
1986 2217 2050 2265 qui

1282 2273 1343 2309 fibi
1381 2271 1464 2307 haec
1492 2272 1600 2309 licere
1636 2273 1833 2321 putabant,
1865 2284 1928 2320 pro
1966 2268 2048 2318 justa

1282 2323 1417 2359 suarum
1460 2336 1573 2359 rerum
1619 2325 1756 2368 tutela,
1796 2324 1827 2358 &
1870 2331 2048 2364 nunquam

1282 2375 1317 2410 in
1349 2375 1497 2409 alienam
1528 2374 1693 2423 injuriam
1731 2372 1985 2409 convertenda.
2014 2371 2048 2404 1-

1283 2436 1386 2473 taque
1424 2438 1494 2460 non
1533 2428 1611 2461 raro
1648 2426 1897 2474 contingebat,
1926 2429 1964 2457 ut
1999 2418 2049 2454 ir-

1281 2475 1463 2513 ruentibus
1503 2475 1543 2512 in
1583 2477 1727 2513 ltaliam
1772 2473 1951 2513 barbaris,
1987 2477 2048 2506 aut

1897 2522 1991 2559 inte-
