2232 3089
1659 141 1726 170 vn

156 177 563 237 defendendum,
608 174 758 226 modo
804 173 865 225 ad
905 171 1263 227 offendendum
1312 195 1439 231 arma
1489 185 1790 240 tradentur.>

149 260 296 326 Juvat
346 258 492 305 etiam
543 251 791 320 perspe&a
846 249 1026 300 habere
1078 251 1413 317 stratagemata
1464 260 1627 317 varia,
1677 265 1786 331 qui-

156 333 244 382 bus
299 330 470 397 inclyti
521 331 686 378 Duces
736 329 785 376 in
840 325 969 375 bello
1016 330 1126 378 lunt
1167 328 1269 387 ufi,
1315 332 1434 400 quid
1483 334 1666 384 consilii
1713 355 1791 387 ce-

158 422 299 476 ptum
347 404 396 451 in
449 401 613 452 subitis
667 402 843 452 casibus
892 397 1078 462 fuerit,
1136 403 1311 472 quibus
1361 406 1539 458 artibus
1597 412 1791 462 confina

157 478 361 532 hostium
406 476 743 544 deprehenla,
792 475 1057 528 seditiones
1102 480 1431 549 compressae,
1479 486 1662 536 animus
1706 491 1792 537 nii-

153 553 317 604 litibus
375 550 607 609 additus‚
659 555 707 602 &
759 551 987 602 sexcenta
1046 554 1280 617 ejusmodi
1336 558 1462 618 alia,
1511 578 1636 627 quae
1688 578 1790 612 non

153 645 181 678 a
235 628 509 691 vulgaribus
560 627 784 675 Militaris
833 625 1116 694 dilciplinae
1166 630 1358 689 LibriS,
1402 634 1482 682 led
1528 634 1584 682 ab
1634 635 1794 686 Histo-

154 705 305 758 riciS,
354 717 409 750 ac
461 698 896 750 celeberrimorum
945 703 1147 752 Ducum
1199 705 1324 756 Vitis
1376 709 1594 774 petenda
1642 712 1790 761 sunt.

154 777 415 831 Praeterea
459 778 697 826 culturam
744 776 965 838 Ingenii,
1011 778 1209 829 Morum
1250 780 1535 841 scientiam,
1581 787 1627 833 δε
1675 801 1790 852 par-

152 865 255 902 tem
308 850 554 921 quandam
610 849 983 901 Mathematices
1039 853 1414 921 imperatorium
1475 875 1643 906 munus
1701 877 1790 909 ex-

154 927 351 996 poscit,
400 941 453 976 ut
498 940 662 975 cetera
706 928 928 977 mittam.
982 928 1327 991 Quamobrem
1373 931 1404 981 fi
1456 936 1504 982 in
1551 932 1787 995 ejusmodi

154 1019 358 1070 quoque
417 1000 608 1060 studia,
669 1016 724 1051 ut
778 1000 1025 1062 arbitror,
1084 1004 1336 1055 Celfitudo
1391 1020 1473 1057 tua
1532 1010 1790 1067 excurrit,

151 1075 277 1127 Tibi
331 1091 466 1126 certe
521 1077 582 1127 ad
644 1077 904 1126 militarem
962 1078 1166 1142 gloriam
1220 1080 1371 1128 facilis
1432 1082 1792 1150 expeditusque

151 1153 251 1201 erit
297 1150 504 1216 greffuS.
549 1153 611 1202 Et
657 1149 948 1218 potiffimum
993 1155 1130 1220 quod
1176 1155 1366 1205 Pietate
1413 1156 1625 1213 eximia,
1672 1158 1792 1208 lum-

151 1241 335 1291 moque
386 1225 659 1287 Religionis
715 1241 882 1275 amore
924 1231 970 1277 &
1023 1227 1158 1276 cultu
1213 1230 1311 1278 afta
1363 1245 1480 1289 tua,
1534 1226 1790 1297 moresque

152 1300 457 1349 moderaris:
502 1316 597 1362 qua
641 1300 827 1349 virtute
870 1299 901 1348 fi
946 1302 1199 1368 quisquam
1245 1318 1441 1360 careat,
1490 1306 1604 1371 quei
1647 1323 1793 1372 quae·

152 1371 205 1423 so
254 1371 424 1421 Deum
473 1368 552 1417 fibi
604 1371 654 1417 in
707 1370 837 1416 bello
887 1376 1162 1439 propitium
1209 1377 1543 1442 polliceatur?
1593 1379 1796 1447 ltaque,

153 1442 590 1497 SEREleslME
657 1441 1024 1503 PRINCEPS,
1086 1463 1184 1495 non
1247 1454 1574 1514 incotgruum
1633 1455 1794 1514 duxi,

152 1519 279 1572 Tibi
326 1534 528 1587 quoque
577 1514 757 1568 offerre
812 1518 1157 1586 Antiquitates
1207 1521 1347 1571 hasce
1404 1527 1630 1585 italicas,
1677 1547 1790 1597 quas

149 1597 200 1647 δι
244 1594 515 1646 Germanas
559 1593 689 1643 simul
733 1594 980 1662 appellare
1025 1612 1126 1644 non
1173 1597 1349 1660 injuria
1393 1592 1646 1666 quisquam
1687 1608 1792 1668 pos·

134 1671 245 1734 fit,
298 1668 553 1738 postquam
602 1685 628 1717 a
681 1683 760 1718 rot
813 1669 993 1719 beculis
1049 1670 1188 1720 ltalia
1248 1688 1273 1721 a
1320 1672 1628 1723 Germanicis
1686 1680 1789 1727 Au-

148 1742 293 1810 gustis
351 1743 578 1813 pendet,
637 1742 894 1813 nostraque
954 1744 1149 1813 publica
1208 1749 1408 1811 negotia
1463 1765 1573 1798 cum
1624 1751 1790 1802 vestris

152 1820 422 1871 commixta
467 1820 609 1870 sunt.
653 1820 790 1870 Hinc
838 1818 954 1869 Tibi
1003 1818 1145 1870 facile
1190 1824 1286 1871 erit
1329 1822 1634 1887 intelligere,
1674 1844 1791 1894 qua-

150 1892 217 1944 les
275 1895 529 1963 utriusque
583 1893 748 1958 Regni
807 1894 1111 1963 Principibus
1172 1912 1331 1945 mores
1390 1898 1509 1947 olim
1569 1898 1790 1961 fuerint,

151 1972 200 2021 &
250 1969 452 2033 seligere
507 1985 633 2037 quae
680 1972 735 2019 iis
789 1970 1095 2037 temporibus
1154 1970 1408 2038 probanda
1461 1988 1543 2022 aut
1598 1976 1788 2043 impro-

149 2042 307 2095 banda
353 2040 581 2103 fuerint,
640 2060 693 2094 ut
749 2047 798 2093 in
850 2052 984 2094 ulum
1035 2061 1171 2095 tuum
1228 2047 1430 2096 meliora
1480 2066 1589 2100 cum
1644 2051 1788 2101 laude

150 2135 437 2170 convertas,
488 2119 638 2183 Perge
685 2122 877 2169 interea
926 2120 1256 2172 nobiliffimam
1301 2123 1520 2173 indolem
1562 2140 1695 2174 tuam
1737 2142 1786 2175 e·

149 2198 357 2264 xemplis
401 2208 479 2246 tot
534 2195 777 2259 Majorum
832 2213 1068 2255 tuorum,
1117 2200 1164 2247 &
1214 2198 1499 2265 praesertim
1550 2200 1783 2250 Paternae

149 2272 402 2331 Virtutis,
449 2270 730 2334 diligentius
781 2273 832 2320 in
882 2272 984 2321 dies
1030 2272 1295 2334 excolere;
1339 2273 1572 2340 simulque
1620 2276 1786 2325 memi-

156 2349 322 2405 neris,
374 2347 407 2398 fi
457 2346 516 2396 ad
565 2361 730 2396 veram
784 2347 1040 2405 Gloriam,
1084 2348 1222 2416 quod
1270 2350 1544 2415 perlualum
1599 2348 1783 2405 habeo,

154 2415 380 2482 anhelas,
431 2419 558 2473 hanc
606 2421 665 2471 ab
718 2438 820 2473 uno
869 2437 1037 2472 amore
1084 2426 1132 2474 &
1182 2421 1478 2492 professione
1527 2425 1783 2476 Virtutum

1611 2495 1705 2546 elle
