2232 3089
443 155 492 185 VI

377 201 606 271 ribusque
650 199 921 253 suavissimis
972 200 1118 266 magis
1165 215 1389 252 ornatam
1435 218 1582 252 nemo
1625 201 1881 264 ostendat,
1922 207 2018 260 hoc

376 278 567 342 lingulis
609 280 734 327 tanti
785 277 933 341 Regis
983 276 1118 327 Filiis
1157 278 1392 344 peculiari
1438 278 1600 343 aliquo
1641 280 1927 331 munusculo
1967 285 2018 336 fi-

377 351 611 418 gnificare
664 351 892 402 statutum
937 351 1055 403 mihi
1105 349 1224 401 fuit.
1273 352 1515 421 Equidem
1565 353 1722 412 novi,
1769 355 1851 404 Te
1897 373 2018 422 quo-

378 443 475 495 que
516 430 791 479 Literarum
832 443 997 477 amore
1042 429 1231 485 teneri,
1276 427 1358 477 Te
1400 428 1450 475 in
1500 429 1642 476 variis
1690 428 1892 493 Linguis
1937 429 2019 480 ad·

377 502 617 553 discendis
667 504 929 569 impigrum
977 500 1109 558 effe,
1154 503 1327 569 tuique
1381 503 1570 564 ingenii
1622 517 1771 571 atque
1820 505 2017 567 elegan-

375 579 475 628 tiae
533 595 635 628 non
694 594 844 627 unum
895 576 1143 646 specimen
1196 577 1290 638 jam
1347 574 1531 626 dedisse
1590 577 1639 625 in
1697 578 1905 634 Schola,
1961 583 2014 631 in

379 653 629 702 Dramatis
671 655 800 702 intra
846 651 1122 721 penetralia
1172 649 1360 714 Regiae
1403 652 1576 701 domus
1622 651 1914 708 recitandis,
1963 655 2015 705 in

376 727 637 796 colloquiis
686 728 830 776 etiam
876 745 938 777 ex
992 726 1259 794 improviso
1305 725 1515 775 oblatiS.
1571 728 1641 775 At
1691 727 1821 776 simul
1877 743 2016 778 com-

375 816 573 868 pertum
628 800 820 861 habe0,
871 802 1227 853 Celfitudinem
1273 815 1406 851 tuam
1457 801 1508 849 in
1561 817 1690 850 arma
1744 797 2013 853 ferventius

373 872 521 934 ferri,
565 877 901 945 timpanorum
946 875 1172 942 fragore,
1214 875 1497 926 militarium
1540 875 1771 926 ordinum
1816 893 1871 926 ac
1912 895 2017 928 cer·

375 953 616 999 staminum
668 951 860 1019 aspefi‘tu
910 970 1028 1021 prae
1079 953 1253 1002 ceteris
1307 952 1585 1020 speffliculis
1640 951 1898 1002 deleecari.
1949 955 2014 1004 E-

374 1024 580 1087 jusmodi
617 1025 727 1075 sane
761 1026 1144 1084 obleffiamenta,
1180 1025 1290 1077 mea
1325 1043 1525 1093 quoque
1561 1025 1836 1084 sententia,
1864 1044 2016 1095 quan·

374 1115 519 1166 quam
577 1099 786 1150 hominis
843 1119 869 1152 a
933 1102 1046 1152 belli
1105 1101 1264 1170 specie
1319 1102 1528 1149 omnino
1582 1100 1768 1160 aversi,
1821 1115 2014 1154 tantum

374 1172 657 1241 Principem
711 1175 933 1235 decent,
979 1179 1131 1226 immo
1174 1176 1224 1222 in
1271 1173 1355 1223 Te
1408 1177 1617 1221 maxime
1665 1175 2016 1226 commendan-

373 1245 433 1296 da
473 1247 618 1298 sunt.
668 1248 800 1298 Nam
840 1268 991 1318 quum
1042 1247 1301 1299 Nobilibus
1343 1246 1588 1315 quibusvis
1628 1254 2013 1301 conlentaneum

371 1321 425 1370 fit
475 1323 680 1384 gloriam
726 1324 805 1373 fibi
858 1325 915 1373 ab
966 1327 1108 1374 armis
1158 1338 1481 1388 comparare,
1533 1338 1724 1387 quanto
1775 1325 1924 1386 magis
1973 1327 2014 1374 i-

371 1394 484 1444 dem
533 1396 741 1446 studium
794 1400 842 1446 in
891 1399 1085 1460 Regum
1131 1397 1519 1462 Principunique
1570 1394 1705 1445 Finis
1754 1395 2014 1458 laudetur,

371 1486 493 1536 quos
540 1470 599 1519 ad
640 1472 884 1535 regendos
930 1473 1176 1523 exercitus
1225 1473 1273 1519 in
1322 1471 1527 1518 tutelam
1572 1470 1794 1528 Patriae,
1840 1473 1891 1521 in
1940 1489 2014 1522 re-

371 1543 623 1611 liquorum
669 1546 981 1612 exemplum,
1024 1546 1274 1595 sublimior
1317 1545 1550 1595 natalium
1602 1546 1814 1610 dignitas
1861 1562 2012 1616 atque

369 1619 581 1683 majestas
624 1618 846 1669 educasse
896 1621 1133 1670 videtur?

525 1692 696 1743 Unum
753 1709 946 1754 tamen,
1001 1694 1184 1745 eximie
1242 1692 1606 1754 PRINCEPS,
1662 1695 2012 1762 negligendum

371 1765 463 1815 tibi
514 1783 614 1816 non
670 1766 796 1828 effe,
853 1772 936 1838 qui
994 1769 1276 1819 bellicarum
1330 1786 1494 1820 rerum
1549 1773 1812 1839 peritiores
1868 1773 2013 1833 sunt,

370 1839 539 1906 jandiu
591 1842 812 1897 sensere.
874 1845 1066 1912 Utique
1114 1844 1194 1895 vel
1247 1846 1343 1896 sine
1405 1849 1583 1897 Lireris
1635 1848 1868 1914 quosdam
1916 1864 2010 1896 no·

370 1917 522 1965 vimus
573 1917 785 1967 celebres
836 1923 1143 1971 exercituum
1192 1919 1414 1970 ductores
1461 1920 1689 1982 evafifle,
1732 1926 1780 1972 &
1831 1939 1894 1973 ex
1942 1924 2014 1972 vi-

370 1991 534 2040 &oriis
593 1994 752 2042 multis
803 1996 988 2058 grande
1048 1996 1128 2044 fibi
1191 2012 1372 2063 nomen
1428 1994 1703 2063 peperiffe·
1775 1999 2009 2047 Attamen

371 2065 682 2132 exploratum
723 2068 854 2119 fimul
896 2072 989 2129 est,
1026 2067 1211 2120 facilius
1252 2073 1313 2121 ad
1354 2070 1624 2135 hujusmodi
1662 2068 1853 2119 laudem
1898 2087 2012 2138 pro·

367 2141 546 2205 greffos
593 2138 731 2194 fuisse
779 2146 1103 2212 Imperatores
1150 2147 1388 2202 militiae,
1434 2160 1557 2212 quos
1613 2144 1813 2195 Literae
1862 2162 2008 2196 orna-

367 2216 517 2274 bant,
565 2221 614 2268 &
670 2220 881 2271 Historia
938 2220 1174 2271 humanae
1223 2225 1353 2271 vitae
1412 2218 1636 2282 Magistra
1693 2218 2006 2271 documentis

370 2294 460 2343 luis
508 2294 713 2347 imbuit.
759 2295 942 2365 Neque
993 2300 1127 2347 enim
1172 2297 1279 2347 satis
1331 2294 1398 2345 est
1447 2295 1508 2343 ad
1559 2297 1685 2346 redte
1733 2296 2005 2361 regendum

364 2367 546 2421 bellum
589 2370 756 2430 nosse,
795 2373 972 2442 quibus
1013 2374 1171 2423 modis
1214 2370 1510 2424 instruantur
1554 2374 1709 2433 acies,
1754 2374 1898 2421 castra
1939 2372 2010 2419 lo-

365 2460 581 2508 centur,
633 2464 767 2502 atces
819 2464 1209 2520 expugnentur,
1251 2452 1300 2503 &
1349 2464 1447 2519 qua
1498 2453 1694 2503 ratione
1743 2446 1894 2573 Ἑοὲἰὸ
1944 2441 2009 2495 ad

1797 2536 1935 2571 een·
