2232 3089
494 166 548 215 67
849 161 1216 219 ANTIQUIT.
1257 159 1467 204 MEDII
1503 161 1670 204 AEVI
1962 172 2015 214 68

434 219 606 262 rariorum,
633 219 854 264 Saturiorum,
894 223 966 256 Vico
1003 222 1201 265 fraxineto,
1232 221 1289 262 ἸΑΙ
1311 233 1461 269 generare
1486 236 1507 257 a
1534 233 1611 267 pars
1643 221 1787 270 predic‘io
1822 227 2013 270 Monaslerio
2038 231 2077 265 de

435 270 683 316 Quingentula..
721 272 952 311 columbiano,
991 274 1201 316 Granariolo,

435 320 482 359 (ῥ’
512 323 600 358 Villa
627 324 782 369 Magna,
819 337 886 358 cum
912 323 987 366 cafis
1019 324 1062 357 (9‘
1087 323 1200 369 maffa-

436 371 552 416 riciis,
590 374 632 407 (9¹
667 387 735 408 cum
770 375 912 410 omnibus
938 378 1067 423 suorum
1099 375 1200 422 perti-

436 422 556 457 nenciis
583 427 626 459 ad
654 424 768 469 eisdem
796 426 871 460 locis
903 426 1137 470 pertinentibus
1165 426 1199 460 in

435 472 618 521 integrum.
661 479 709 510 Et
748 477 882 522 Capella
917 491 981 512 una
1023 491 1090 512 cum
1125 491 1199 513 area

427 523 512 569 sua,
540 525 587 564 dy
613 540 680 561 cum
707 527 851 562 omnibus
876 529 1002 573 suorum
1035 529 1196 576 pertinen-

434 574 493 609 ciis
519 575 606 620 infra
633 577 779 613 Ciuitate
806 579 1023 623 Boloniensis‚
1050 594 1108 627 que
1126 593 1195 614 con-

427 625 550 667 flruc‘ia
589 627 631 670 εβ
671 628 704 663 in
740 629 880 664 bonorem
920 631 1036 666 Sanfiie
1067 631 1198 675 Juliine

435 676 578 724 Virginis
607 679 650 713 (9⁶
677 680 851 717 Martiris.
870 682 958 717 Alia
980 682 1118 725 fundora
1137 685 1195 716 So-

431 726 570 770 ciorum,
613 730 803 774 Pnfiianus,
842 733 1036 773 Marianus,
1073 733 1195 770 Gabia-

430 789 511 820 nus,
543 779 733 825 Julianus,
770 781 817 819 ψ’
852 783 989 827 fundum
1025 784 1195 830 Mimuri,

433 830 516 874 quod
541 830 583 871 est
614 830 712 878 [upra
738 835 849 867 Naves
876 835 1028 878 casales,
1063 835 1113 870 cui
1137 850 1193 870 vo-

430 879 575 914 cabulum
602 881 644 923 est
670 883 876 926 Mimianus‚
903 886 956 920 hoc
979 885 1021 928 ιβ
1045 885 1194 931 Liliolis‚

430 933 514 975 quod
538 930 580 972 εβ
607 933 689 967 inter
721 934 865 976 Misiano
891 935 937 974 &⁵
964 937 1194 982 Columbian0‚

430 993 497 1014 sum
516 982 660 1017 omnibus
678 985 880 1028 pertinenciis
898 987 986 1030 suis.
1015 991 1093 1023 Item
1114 988 1193 1032 fun-

430 1032 471 1066 do
499 1031 532 1066 in
559 1033 625 1068 alio
651 1036 714 1069 loco
736 1037 893 1080 Satiosum
913 1039 978 1073 alio
999 1039 1101 1083 fundo
1122 1040 1194 1073 Mi-

430 1082 544 1125 sauri,
581 1086 664 1130 quod
699 1085 741 1127 est
771 1087 832 1132 sub
868 1089 939 1135 ripa
965 1092 1004 1124 de
1031 1091 1195 1126 Barbiano

429 1133 473 1166 Θ·
513 1135 660 1170 Gabiano
699 1136 783 1171 inter
822 1139 938 1174 Clodia
979 1141 1022 1174 &¹
1057 1145 1193 1176 Strata.

426 1183 516 1219 Alia
541 1198 615 1219 vero
636 1186 798 1232 fundora,
826 1202 884 1235 que
902 1190 943 1232 εβ
970 1190 1004 1225 in
1033 1193 1105 1226 Vico
1127 1195 1192 1226 Ro-

426 1235 577 1281 manulo,
605 1236 650 1275 ἐφ’
673 1238 813 1282 fundum
839 1241 925 1276 Ortis
942 1269 951 1284 ‚
988 1255 1056 1277 curn
1092 1243 1192 1277 omni—

425 1286 483 1320 bus
516 1287 645 1331 suorum
679 1290 884 1332 pertinentiis
929 1293 962 1326 in
1004 1294 1160 1340 integrum
1182 1318 1191 1333 ‚

427 1349 495 1369 cum
532 1337 624 1378 Casis
644 1364 654 1381 ,
691 1340 824 1385 Curris,
860 1342 937 1376 ortis
957 1369 968 1385 ,
1004 1345 1106 1380 areis.
1143 1347 1193 1380 De

417 1385 500 1431 soris
536 1400 612 1423 vero
647 1399 715 1425 tam
750 1391 842 1426 terris
876 1394 1025 1429 aratoriis
1053 1395 1110 1439 seu
1136 1395 1190 1430 vi—

420 1436 514 1483 gris,
551 1438 681 1483 vineis,
718 1454 785 1474 cum
821 1443 904 1476 areis
932 1444 1088 1487 suarum,
1124 1455 1190 1479 tam

424 1485 518 1522 terris
543 1490 700 1530 arabilis,
729 1491 773 1524 (θ’
795 1492 922 1538 gerbis,
950 1494 1087 1540 campis,
1112 1505 1188 1539 pra-

422 1537 490 1582 tis,
514 1539 665 1586 pascuis,
695 1540 817 1587 silvis,
854 1557 890 1578 ac
917 1544 1106 1589 stallareis,
1144 1546 1187 1580 ri-

423 1589 505 1633 vis,
542 1591 688 1635 rupinis.
725 1606 761 1627 ac·
793 1593 990 1637 paludibus,
1026 1596 1116 1631 coltis
1143 1596 1189 1636 &³

424 1639 573 1679 incoltis,
609 1641 723 1683 divisis
750 1642 796 1681 &⁶
825 1645 977 1686 indivisis
986 1670 997 1685 ‚
1033 1661 1098 1682 una
1124 1662 1190 1682 cum

417 1689 544 1735 finibus
572 1689 618 1730 &¹
646 1693 788 1728 omnibus
814 1697 1028 1742 acceffionibus
1057 1698 1099 1731 (9¹
1126 1700 1188 1741 usi-

424 1743 483 1776 bus
529 1755 705 1790 aquarum,
751 1758 964 1794 aquarumque
1005 1748 1157 1785 duc‘t'ibus
1179 1778 1189 1795 ‚

424 1790 472 1830 ὠ·
500 1806 567 1827 cum
593 1794 679 1828 omni
698 1793 792 1840 jure,
829 1797 1022 1844 adjacentiis
1051 1800 1095 1834 (Ψ
1118 1812 1188 1847 per-

422 1842 573 1879 tinenciis
613 1859 720 1880 earum
758 1860 859 1883 rerum
879 1874 890 1888 ‚
935 1861 992 1896 per
1026 1851 1108 1886 locas
1144 1853 1191 1891 ἐφ’

424 1895 597 1930 vocabulas
631 1898 676 1932 ad
710 1898 831 1942 easdem
862 1900 1017 1944 fundoras
1052 1901 1100 1940 &⁹
1126 1906 1191 1938 Ca-

422 1945 511 1991 pella
536 1947 579 1980 (J
598 1948 719 1992 Casas,
740 1949 788 1988 &
815 1951 957 1987 omnibus
979 1951 1091 1994 rebus,
1110 1968 1190 2002 qua-

423 1994 499 2028 liter
529 1996 675 2041 superius
709 2000 850 2046 legitur,
887 2003 922 2038 in
958 2004 1115 2048 integrum
1150 2007 1191 2041 ab

424 2045 484 2080 bac·
509 2046 562 2080 die
589 2048 624 2082 in
651 2050 754 2083 eodem
779 2054 959 2088 venerabili
995 2056 1189 2096 Monalierio

420 2096 591 2142 beatiffime
611 2100 728 2135 sanc‘t’e
739 2102 892 2146 sustine,
915 2105 958 2138 (9·
976 2106 1093 2141 sandi
1107 2111 1186 2142 Pro—

414 2146 575 2193 Jdaeimi,
612 2149 658 2189 &⁶
694 2152 829 2188 aliorum
855 2156 1024 2192 multorum
1050 2161 1187 2206 Corpora

421 2198 612 2234 sauciorum
648 2201 682 2235 in
719 2213 903 2250 perpetuum
934 2211 1185 2254 permanendas,

418 2258 477 2294 pro
502 2263 557 2295 eo,
586 2251 671 2294 ficut
705 2255 797 2296 dixi,
829 2267 888 2304 pro
922 2259 1057 2294 remedio
1081 2262 1186 2296 anime

421 2313 507 2341 mee,
534 2302 581 2342 &¹
615 2306 656 2339 de
690 2307 847 2353 quondam
880 2320 1079 2353 parentorum
1105 2325 1186 2346 meo-

423 2364 493 2387 rum
509 2367 530 2396 ;
555 2354 602 2394 &⁶
629 2355 672 2391 ab
698 2358 824 2393 odierno
857 2360 910 2394 die
945 2374 1106 2408 nunquam
1141 2362 1185 2396 li-

422 2414 490 2438 ceat
524 2406 603 2441 mibi
636 2407 849 2457 suprascripto
882 2412 1053 2456 donatore,
1090 2425 1186 2460 neque

423 2454 501 2488 meis
526 2456 690 2494 heredibus
716 2462 770 2496 vel
790 2460 1006 2508 suecessoribus
1032 2464 1099 2498 ullo
1124 2478 1184 2498 un-

422 2516 519 2553 quam
558 2507 595 2558 in
628 2521 764 2562 tempore
801 2514 984 2563 nullamque
1017 2515 1187 2561 molestiam

1314 273 1343 307 is
1370 273 1532 318 omnibus,
1559 287 1616 320 que
1637 275 1781 321 superius
1808 276 1924 323 legitur
1947 293 1983 316 ex
1999 291 2076 328 par-

1314 333 1365 368 te,
1393 325 1447 360 vel
1474 339 1510 359 ex
1536 335 1634 359 totum
1662 339 1821 373 nunquam
1850 332 1996 364 contendo
2019 344 2076 367 aut

1313 374 1431 412 invado
1466 378 1521 410 vel
1557 377 1699 424 inoccupo
1716 404 1724 420 ,
1769 392 1864 425 neque
1908 382 2075 427 agentibus

1312 427 1390 473 quid
1415 427 1572 468 desidero,
1599 430 1719 472 audeo,
1757 442 1810 463 nec
1842 441 1898 477 per
1925 445 1992 476 me,
2021 447 2076 468 ne-

1312 491 1370 523 que
1393 490 1450 523 per
1476 479 1550 513 meis
1577 479 1742 514 heredibus
1762 481 1816 514 vel
1837 481 2073 529 succeffinribus,

1311 541 1408 575 neque
1431 540 1487 575 per
1513 543 1580 565 mea
1601 530 1754 576 submiffa
1779 533 1833 566 vel
1852 533 2076 578 submittanda

1308 579 1439 624 persona
1465 580 1595 625 majoris
1622 583 1677 615 vel
1703 582 1853 625 minoris,
1889 586 2074 633 propinquis

1309 632 1363 663 vel
1389 632 1566 671 extraneis,
1595 632 1637 666 (9⁴
1665 646 1718 667 nec
1743 636 1788 667 ad
1820 635 1949 669 eundem
1982 636 2075 680 judi-

1242 679 1269 714 B
1310 681 1412 725 cium,
1440 681 1487 720 &¹
1515 696 1568 716 nec
1595 685 1639 716 ad
1674 683 1919 728 supplicandum
1946 687 2075 723 Princi-

1306 731 1401 778 pibus
1427 746 1523 780 neque
1545 744 1603 780 per
1629 733 1767 774 Ecclesia
1795 733 2072 781 interpellatione,

1309 792 1366 818 aut
1391 794 1446 831 per
1482 785 1636 830 Regalem
1672 785 1726 818 vel
1761 786 1925 831 Imperiali
1952 790 2072 836 Mage-

1248 825 1257 831 *
1300 833 1386 876 state
1411 835 1466 868 vel
1489 836 1660 882 potestate,
1698 849 1792 882 neque
1824 847 1881 882 per
1917 840 1981 872 ullo
2007 853 2072 874 mo-

1307 886 1367 928 do,
1396 886 1545 932 nullaque
1571 886 1692 920 racione
1717 897 1877 931 contrare,
1905 892 1986 935 quod
2011 890 2073 925 ab·

1301 935 1371 979 fit,
1399 935 1445 975 &⁴
1472 937 1593 981 auferre
1619 940 1816 972 voluntatem
1832 964 1842 981 ,
1870 939 1945 984 quia
1972 941 2072 987 Legi-

1307 988 1363 1021 bus
1383 998 1506 1022 cautum
1526 988 1587 1032 efl,
1616 999 1651 1022 ut
1678 991 1759 1034 quod
1779 989 1874 1032 semel
1901 989 1934 1023 in
1957 990 2071 1034 sanilo

1305 1051 1341 1072 ac
1375 1039 1554 1074 venerabili
1599 1039 1792 1082 Monasterio
1827 1041 1977 1074 denatum
2014 1042 2069 1077 vel

1305 1088 1465 1135 conceffism
1505 1090 1605 1134 suit,
1643 1091 1730 1124 nullo
1766 1093 1852 1124 modo
1887 1103 2068 1129 revocetur.

1307 1141 1395 1172 Unde
1427 1151 1484 1184 pro
1510 1141 1625 1188 majori
1651 1141 1832 1185 firmitate,
1870 1142 1912 1175 Θ
1943 1142 1975 1182 si
2008 1155 2069 1190 quo

1305 1199 1437 1235 tempore
1472 1191 1617 1236 quepiam
1650 1192 1780 1236 persona
1806 1192 1963 1227 hominum
1993 1194 2068 1238 sur-

1305 1242 1437 1280 rexerit,
1463 1254 1522 1287 que
1547 1242 1591 1275 ad
1623 1251 1699 1287 pars
1733 1242 1915 1288 supradsblo
1945 1246 2065 1279 Mona-

1297 1290 1391 1333 sterio
1417 1291 1628 1338 calumpniam
1661 1305 1809 1339 generare
1844 1293 2004 1338 voluerit,
2033 1308 2066 1328 e—

1299 1356 1340 1389 go
1360 1342 1571 1390 suprascripto
1597 1345 1704 1390 Opilio
1725 1349 1873 1378 donatore
1895 1357 1962 1378 cum
1990 1345 2068 1380 meis

1302 1394 1464 1427 heredibus
1490 1409 1510 1427 a
1534 1405 1608 1438 pars
1635 1393 1777 1436 predic‘lo
1801 1394 1992 1435 Monasterio
2013 1395 2066 1440 ip-

1297 1443 1350 1485 sas
1377 1455 1423 1476 res
1450 1444 1491 1477 ab
1517 1443 1601 1477 omni
1623 1443 1754 1491 persona
1775 1443 1932 1478 hominum
1955 1445 2062 1491 liare,

1302 1493 1345 1526 (θ’
1380 1504 1485 1528 contra
1525 1507 1628 1529 omnes
1670 1494 1843 1529 auHoriare
1884 1496 2062 1542 promitto.

1301 1546 1396 1590 ‚Quod
1417 1544 1467 1589 fi,
1496 1546 1578 1592 quod
1603 1545 1686 1586 absit
1713 1545 1758 1584 ἅφ-
1785 1556 1914 1580 avertat
1940 1547 2061 1583 divina

1232 1590 1262 1623 D
1299 1597 1462 1640 potencia,
1502 1595 1547 1634 &
1585 1597 1712 1641 omnia,
1749 1597 1886 1643 qualiter
1918 1597 2063 1644 superius

1300 1647 1439 1695 legitur,
1465 1661 1526 1682 non
1553 1648 1757 1692 observavero
1782 1648 1837 1682 vel
1862 1648 2064 1695 adimpleve-

1300 1712 1352 1738 ro,
1389 1698 1436 1737 ἐφ’
1472 1709 1577 1734 contra
1614 1700 1666 1734 bec
1701 1699 1746 1733 ire
1786 1700 1840 1733 vel
1875 1713 1966 1745 agere
2005 1709 2064 1734 aut

1300 1751 1479 1785 contendere
1513 1750 1641 1784 voluero
1661 1777 1671 1794 ,
1710 1750 1910 1790 artesiacione
1948 1750 2062 1795 confir-

1300 1815 1368 1841 mo,
1404 1802 1481 1848 quia
1515 1804 1628 1836 [laturo
1663 1815 1710 1835 me
1745 1800 1800 1846 effe
1834 1801 1980 1847 promitto
2006 1815 2063 1849 ego

1296 1852 1505 1897 suprascripto
1532 1855 1690 1887 Donatore
1716 1866 1780 1887 una
1807 1866 1873 1887 cum
1900 1865 1977 1886 meos
2006 1853 2062 1887 be-

1300 1905 1385 1937 redes
1419 1905 1474 1938 vel
1512 1902 1686 1949 Jucceffores
1727 1918 1747 1938 a
1791 1913 1881 1947 parte
1919 1903 2064 1947 predic‘io

1300 1954 1494 1997 Monaslerio
1519 1965 1593 1990 ante
1619 1954 1717 1989 omnis
1743 1954 1813 1988 litis
1841 1954 1970 1988 inicium
2004 1966 2063 2002 pe·-

1300 2020 1342 2041 na
1378 2007 1453 2041 auri
1488 2005 1601 2051 optimi
1636 2005 1752 2041 Libras
1789 2016 1882 2040 trex:
1917 2007 1959 2039 (θ’
1992 2006 2062 2052 post

1225 2046 1253 2080 Ε
1296 2068 1379 2104 pena
1399 2057 1586 2102 solucionem
1611 2061 1657 2093 ad
1681 2057 1760 2092 banc
1781 2059 1935 2101 paginam
1959 2057 2062 2089 dona-

1297 2108 1395 2143 cionis
1421 2109 1456 2143 in
1478 2110 1538 2152 sua
1555 2108 1716 2151 firmitate
1739 2114 1942 2149 permaneat.

1347 2163 1456 2204 Quam
1481 2170 1555 2192 vero
1587 2156 1740 2202 paginam
1776 2156 1809 2188 in
1849 2156 1910 2190 Dei
1936 2155 2060 2191 nomine

1295 2208 1482 2250 Anastasius
1509 2205 1676 2242 Tabellius
1706 2208 1746 2241 de
1781 2208 1927 2242 Civitate
1953 2211 2059 2243 Roma

1287 2258 1455 2304 scribenda
1482 2258 1621 2305 rogavi,
1657 2256 1704 2296 &⁵
1740 2258 1843 2300 subter
1867 2272 1963 2294 manu
1989 2272 2059 2294 mea

1293 2309 1420 2358 propria
1441 2309 1604 2355 firmavi,
1633 2310 1818 2357 testibusque
1843 2326 1863 2346 a
1890 2324 1937 2345 me
1963 2323 2057 2357 roga-

1293 2361 1338 2396 tis
1372 2362 1474 2396 obtuli
1506 2360 1730 2405 subscribenda
1745 2386 1756 2401 ‚
1790 2375 1949 2408 eorumque
1981 2372 2057 2406 pre-

1288 2412 1396 2458 sencia
1434 2412 1560 2447 tradidi
1592 2413 1654 2458 sub
1687 2413 1739 2450 die
1772 2413 1895 2456 Menfis
1926 2412 2054 2459 Junii,

1293 2463 1474 2503 indictione
1497 2464 1630 2513 Prima²

1929 2568 2003 2615 Ege
