2232 3089
488 213 575 263 335·
829 198 1208 257 ANTIQUIT.
1249 196 1460 240 MEDII
1495 198 1653 241 AEVJ
1917 209 2000 257 336

424 255 577 292 dominu
607 269 644 291 ac
675 257 914 294 Vaffalltzrici.
956 258 1104 293 Proinde
1137 258 1179 293 le-
1229 257 1260 293 A
1300 256 1411 304 spicae
1447 256 1561 294 tritici
1598 257 1848 296 desiderentur.
1891 259 2056 311 Religiofi

423 308 479 344 vis
522 308 693 343 momenti
736 307 867 343 Census
913 309 1186 357 imponebatur,

425 360 538 394 veluti
569 372 654 394 unus
684 358 800 400 Ensis,
830 371 935 393 unum
972 371 1031 406 par
1058 357 1183 393 Calca-

424 409 540 452 rium,
569 420 627 445 aut
656 409 946 444 Chirothecarum
965 435 974 451 ‚
1000 421 1086 444 unus
1116 411 1181 443 Ac-

426 462 580 506 cipiter,
619 470 678 494 aut
717 461 847 500 Falco,
886 469 946 495 aut
983 460 1089 494 etiam
1130 471 1188 507 par

425 511 766 546 Tmtinnabulorum
787 537 796 553 ,
843 511 969 556 quibus
1021 512 1187 546 falcones

426 570 617 604 ornantur,
639 571 742 607 atque
767 560 836 597 alia
858 560 1076 609 hujusmodi.
1105 562 1187 595 Non

428 610 611 648 diffimiles
654 610 791 647 fuerunt
837 610 1012 647 interdum
1056 611 1188 648 Census

428 660 719 709 Emphyreufibus
761 660 940 708 impofiti,
988 661 1049 700 nisi
1096 662 1187 711 quod

427 711 563 759 aliquid
594 711 701 759 lepidi
727 711 934 760 quandoque
960 712 997 748 in
1024 711 1068 749 iis
1094 725 1189 759 prae—

428 761 617 798 scribendis
669 761 955 800 immiscebatur.
1010 762 1190 800 Bononiae

428 811 673 861 Emphyteufis
710 826 728 847 a
767 813 952 851 Monachis
990 813 1189 851 Benediffi-

429 865 484 899 nis
529 862 645 899 Sangii
694 863 833 900 Proculi
880 864 1091 906 constituta,
1129 877 1190 911 pro

430 913 548 949 Censu
585 913 720 949 fumum
762 915 905 959 caponis
941 915 1034 952 coeti
1072 915 1187 950 redde-

430 964 510 1000 bat:
541 963 607 998 hoc
635 963 699 1005 est,
729 964 828 999 annis
855 963 998 1013 singulis
1025 965 1110 1001 stato
1135 966 1191 1000 die

430 1014 471 1050 ad
501 1013 651 1049 mensam
682 1014 832 1050 Abbatis
869 1015 1107 1066 Emphyteuta
1135 1029 1189 1052 ac-

431 1064 595 1107 cedebat,
633 1078 823 1114 capponem
859 1079 878 1102 e
915 1065 1066 1102 ferventi
1104 1078 1191 1114 aqua

431 1115 605 1160 traf‘tum,
633 1116 665 1150 8<
695 1115 825 1152 duabus
860 1117 990 1164 patinis
1018 1117 1190 1154 inclusum

429 1165 607 1209 deferens,
634 1179 737 1212 quem
766 1167 893 1203 exinde
929 1168 1134 1217 detegebat,
1163 1167 1191 1203 i-

430 1226 467 1252 ta
495 1226 533 1255 ut
560 1217 699 1252 demum
729 1216 843 1253 fumus
873 1216 1092 1267 ascenderet;
1123 1231 1193 1266 quo

431 1268 572 1317 pei-atsto
608 1268 671 1302 ille
701 1268 840 1308 abibat,
870 1266 1039 1305 ferculum
1078 1268 1192 1316 ipsum

431 1317 634 1365 asportans,
661 1315 698 1352 &
735 1316 817 1352 satis
846 1316 906 1353 suo
942 1330 1084 1354 munere
1114 1318 1192 1355 fun-

430 1368 527 1403 δῖυε.
567 1368 726 1403 Alteram
769 1367 854 1402 novi
901 1368 1193 1417 Emphyteufim,

430 1419 527 1467 cujus
551 1416 668 1453 census
691 1418 735 1454 est
761 1431 915 1454 racemus
939 1433 1026 1457 uvae
1051 1420 1193 1466 nigran-

429 1469 478 1506 tis
505 1469 700 1505 offerendus
737 1467 818 1507 festo
846 1470 902 1505 die
939 1470 1084 1507 San8ae
1114 1473 1190 1507 Ma·

430 1521 502 1559 riae
529 1520 780 1570 Magdalenae.
809 1521 981 1557 Narrabat
1006 1521 1095 1557 mihi
1126 1522 1190 1559 Ni-

429 1573 546 1608 colaus
567 1568 756 1607 Cristofani
776 1568 1020 1606 cancellarius
1041 1571 1191 1611 Archie-

429 1621 618 1671 piscopalis
642 1620 771 1658 Curiae
798 1620 985 1665 Lucensis,
1005 1621 1062 1659 vir
1085 1621 1188 1658 hone-

430 1672 580 1710 stiffimis
608 1672 785 1711 moribus,
813 1674 984 1712 comitate
1009 1685 1049 1708 ac
1074 1686 1192 1710 amore

430 1724 657 1771 antiquitatis
684 1723 835 1759 multum
874 1723 1191 1770 commendandus,

428 1773 490 1810 fibi
516 1773 716 1821 hujusmodi
741 1776 903 1810 Canones
929 1774 1105 1811 interdum
1131 1788 1191 1811 oc-

428 1824 569 1863 curriffe
614 1824 651 1859 in
702 1823 860 1872 antiquis
906 1824 1190 1873 Emphyteuseon

427 1874 572 1910 Chattis
598 1873 826 1910 evolvendis:
859 1874 976 1912 Prima
1013 1876 1070 1910 die
1099 1876 1189 1926 Maji

428 1925 593 1966 cuidam,
630 1923 893 1972 Emphyteufim
935 1926 978 1965 ab
1014 1926 1190 1971 Orphanis

428 1974 641 2013 Lucenfibus
669 1975 834 2022 habenti,
862 1976 897 2015 id
934 1990 1022 2012 onus
1053 1977 1190 2013 incum-

429 2025 507 2069 bit,
532 2035 572 2062 ut
599 2026 640 2061 ad
667 2039 724 2062 eos
751 2028 907 2062 arborem
938 2029 1106 2077 Majalem
1132 2029 1189 2064 de-

428 2076 517 2114 ferat
545 2076 632 2124 (nos
666 2078 757 2121 Majo
783 2079 1022 2126 appellamus,
1050 2078 1087 2116 in
1120 2092 1191 2129 quo

426 2127 595 2175 reliquias
618 2126 727 2162 adhuc
751 2127 924 2165 cernimus
945 2130 1191 2167 celeberrimae

426 2181 515 2225 apud
545 2177 714 2214 Ethnicos
742 2177 966 2223 festivitatis,
991 2180 1048 2216 cui
1074 2182 1191 2224 Maju-

426 2241 478 2264 ma
507 2230 662 2278 nomen)
688 2241 757 2265 non
787 2229 904 2272 paucis
932 2231 1060 2268 taeniis
1087 2244 1187 2268 orna-

426 2287 498 2315 tam
516 2307 525 2318 ,
553 2279 698 2314 annexis
726 2278 837 2318 tribus
865 2280 1034 2318 frumenti
1067 2282 1191 2331 spicis,

426 2331 460 2366 Si
491 2330 572 2367 istae
608 2329 780 2375 abessent,
809 2331 1047 2381 Emphyteuta
1086 2345 1104 2367 a
1134 2333 1189 2367 be-

426 2379 546 2420 neficii
589 2378 788 2431 pofftffione
837 2381 950 2417 statim
992 2382 1191 2420 decideret,

426 2432 546 2477 (Quare
573 2444 660 2479 opus
687 2430 733 2467 est
760 2440 887 2469 terram
917 2431 952 2466 in
981 2432 1101 2479 aprico
1129 2445 1188 2480 po-

426 2481 523 2517 snam
575 2482 766 2528 diiigenter
814 2483 972 2518 excolere
990 2506 1000 2522 ,
1046 2495 1191 2530 eamque

425 2532 589 2569 adhibere
618 2545 762 2575 curam,
795 2546 838 2570 ne
869 2546 1022 2583 unquam
1058 2546 1101 2570 eo
1135 2535 1191 2571 die

1300 307 1380 354 viri¹
1399 308 1568 345 Lucenses
1597 309 1740 345 Ordinis
1777 311 2056 348 praedicatorum

1299 371 1316 392 a
1347 359 1506 395 Patribus
1534 359 1737 396 Monasterii
1768 361 1884 397 Santffi
1916 363 2059 399 Pontia-

1300 408 1336 442 ni
1365 409 1555 458 Templum
1585 411 1701 447 Sanffl
1735 412 1886 449 Romani
1924 412 1982 450 sub
2009 414 2059 449 ti-

1300 459 1377 494 tulo
1406 460 1647 509 Emphyteufis
1682 476 1858 511 recepere.
1896 465 2060 510 Quotam·-

1302 510 1354 544 nis
1376 511 1514 558 antiqui
1536 512 1673 548 domini
1696 513 1736 549 ad
1758 515 1946 550 canendam
1969 514 2060 550 Mis-

1302 559 1369 595 sam
1399 561 1485 595 illuc
1515 563 1724 611 procedunt.
1754 564 1939 602 Prandium
1969 566 2014 602 iis
2041 578 2060 601 a

1304 610 1549 646 Dominicanis
1589 624 1748 660 paratur,
1777 625 1872 651 certo
1908 615 2059 652 ferculo-

1302 673 1378 696 rum
1423 674 1568 698 numero
1613 663 1846 713 insti-uastum3
1890 675 1966 701 tum
2010 667 2059 703 eis

1302 709 1513 759 persolvitur
1539 714 1735 751 Groffetum
1776 726 1975 764 argenteum
2007 717 2061 752 be-

1301 774 1338 794 ne
1360 761 1497 806 sonans,
1525 765 1616 810 quod
1646 764 1682 800 in
1711 778 1788 800 eum
1821 766 1925 801 finem
1964 767 2062 814 super

1302 810 1452 846 mensam
1482 812 1532 847 ita
1562 813 1768 861 projicitur,
1797 825 1834 851 ut
1862 817 1934 866 ejus
1959 817 2060 854 sonus

1301 862 1386 898 bene
1407 875 1423 899 a
1450 862 1750 901 circumstantibus
1775 866 1955 904 audiatur.
1983 870 2062 904 Hu-

1301 912 1450 961 jusmodi
1478 911 1594 950 Censu
1633 915 1808 963 persoluto
1844 916 1872 953 ii
1911 918 1947 953 in
1986 918 2062 964 pos-

1301 962 1442 999 seffione
1479 964 1624 1013 Templi
1663 966 1856 1013 persistunt.
1897 970 2060 1004 Rura-lem

1300 1015 1473 1061 quandam
1490 1016 1827 1053 Confraternitatem
1846 1018 1961 1054 nescio
1982 1019 2061 1067 quis

1301 1065 1463 1100 Sacerdos
1505 1064 1663 1100 heredem
1707 1066 1767 1102 fibi
1808 1068 1987 1109 instituit,
2024 1070 2062 1104 ea

1300 1113 1507 1150 conditione
1534 1114 1688 1161 adjeffl,
1716 1127 1755 1152 ut
1782 1118 1934 1167 effigiem
1966 1118 2061 1155 suam

1300 1163 1337 1199 in
1366 1164 1485 1199 tabula
1514 1164 1642 1210 pigram
1673 1171 1838 1217 perpetuo
1867 1169 1916 1205 ibi
1952 1169 2062 1206 custo-

1300 1213 1437 1250 dirent.
1460 1215 1576 1250 Annis
1597 1215 1736 1266 singulis
1751 1246 1760 1261 ,
1782 1229 1977 1256 recurrente
1999 1220 2062 1258 sta-

1301 1274 1338 1301 to
1374 1265 1452 1304 die,
1479 1278 1566 1313 opus
1602 1267 1647 1302 est
1683 1267 1884 1316 sigillatim,
1920 1272 2062 1308 nomine

1300 1316 1334 1351 ὃ(
1372 1320 1584 1365 cognomine
1619 1319 1794 1366 expresso,
1830 1321 1968 1357 Sodales
2004 1335 2062 1358 eos

1301 1366 1338 1402 in
1366 1368 1445 1404 aula
1482 1380 1709 1419 congregatos
1746 1370 1989 1421 interrogare.
2020 1386 2063 1409 an

1300 1416 1429 1455 adsint.
1468 1420 1738 1469 Interrogandus
1775 1434 1914 1469 quoque
1950 1424 1995 1458 est
2032 1424 2064 1461 i-

1300 1469 1378 1505 dem
1409 1470 1614 1517 Presbyter,
1646 1471 1767 1507 tandiu
1806 1472 1975 1520 postremo
2011 1473 2063 1511 fa-

1299 1528 1338 1555 to
1375 1518 1534 1556 funfius.
1565 1522 1668 1557 Tunc
1697 1535 1738 1558 ex
1777 1523 1987 1561 adstantibus
2023 1539 2064 1563 u-

1300 1582 1363 1605 nus
1400 1570 1604 1617 respondet:
1635 1586 1696 1607 non
1731 1574 1835 1616 adest.
1873 1577 1974 1621 Quae
2001 1589 2064 1612 au-

1298 1619 1396 1657 diens
1425 1620 1535 1664 alter,
1563 1621 1600 1655 in
1629 1621 1712 1658 haec
1743 1624 1847 1658 verba
1883 1626 2060 1673 erumpit:

1299 1683 1394 1717 quare
1420 1683 1481 1705 non
1509 1671 1624 1714 adest?
1660 1675 1713 1706 En
1745 1674 1862 1708 illum:
1889 1675 2062 1721 inspicite,-

1299 1722 1332 1755 &
1363 1720 1492 1768 pi&am
1530 1721 1567 1759 in
1596 1723 1725 1761 tabella
1758 1724 1831 1774 ejus
1867 1724 1992 1763 faciem
2022 1741 2063 1762 o-

1299 1771 1444 1810 stendit.
1474 1773 1570 1808 Aliis
1598 1774 1769 1822 exemplis
1799 1789 1919 1823 parco.
1958 1777 2063 1815 Alibi

1301 1822 1423 1859 monui
1452 1823 1589 1870 (rursus
1617 1824 1696 1861 heic
1723 1827 1948 1875 repetendum
1982 1841 2064 1865 cen-

1300 1873 1381 1922 seo)
1410 1873 1507 1912 fuisse
1543 1876 1631 1910 olim
1670 1878 1890 1925 complures,
1924 1878 1986 1926 qui
2024 1886 2065 1915 ut

1300 1924 1452 1975 publicis
1491 1925 1654 1962 oneribus
1692 1925 1725 1964 se
1762 1927 1888 1978 suaque
1929 1929 2064 1965 exime-

1299 1985 1399 2017 rent,
1428 1974 1531 2013 sacris
1567 1977 1678 2024 locis,
1716 1978 1804 2014 bona
1844 1979 1901 2017 sua
1935 1980 2063 2028 largie-

1302 2026 1450 2068 bantur,
1477 2039 1586 2074 eaque
1615 2028 1786 2065 continuo
1822 2030 1864 2066 ab
1892 2029 1970 2078 ipsis
2001 2029 2061 2065 sub

1248 2072 1261 2081 '⁸
1299 2074 1502 2113 tenuiffimo
1530 2077 1630 2114 censu
1655 2079 1692 2115 in
1718 2079 1980 2126 Emphyteufim
2008 2093 2062 2116 re-

1300 2127 1498 2175 cipiebant.
1539 2129 1695 2164 Cedebat
1735 2129 1933 2178 hujusmodi
1976 2143 2061 2166 con-

1300 2177 1429 2215 trafiius
1449 2177 1486 2213 in
1510 2177 1689 2225 utriusque
1711 2180 1818 2226 partis
1839 2171 2060 2217 emolumen-

1298 2237 1395 2264 tum.
1422 2226 1485 2264 Sed
1525 2229 1655 2276 Reges,
1683 2241 1832 2277 quorum
1872 2230 1971 2267 fisco
2001 2245 2060 2279 per

1298 2277 1433 2316 fraudes
1459 2276 1702 2322 afficiebatur,
1731 2293 1802 2318 rem
1841 2281 1982 2318 moleste
2010 2283 2060 2318 se-

1295 2329 1440 2370 rebant,
1465 2329 1497 2364 &
1528 2328 1741 2366 interdixere
1769 2343 2058 2380 nonnumquam,

1297 2377 1350 2413 sed
1390 2376 1494 2417 irrito
1534 2379 1634 2426 plane
1675 2380 1823 2419 successu
1840 2409 1849 2418 .
1893 2383 2059 2421 Vidimus

1299 2428 1419 2478 supra,
1443 2429 1593 2467 multum
1616 2431 1657 2466 ab
1676 2431 1838 2469 Ecclefiis
1864 2434 2031 2472 traditum
2047 2461 2057 2477 ‚

1298 2478 1336 2516 &
1365 2480 1469 2528 longe
1507 2481 1642 2519 minora
1679 2482 1728 2517 eis
1763 2484 1883 2520 oblata
1911 2484 2006 2520 fuisse
2039 2497 2058 2521 a

1298 2531 1516 2569 Seculanbus
1540 2533 1648 2570 viris.
1672 2534 1851 2571 Interdum
1874 2538 1954 2571 vero
1980 2537 2057 2571 sae-

1910 2586 2008 2624 eula-
