<?xml version="1.0" encoding="UTF-8"?>
<!DOCTYPE html PUBLIC "-//W3C//DTD XHTML 1.0 Transitional//EN"
    "http://www.w3.org/TR/xhtml1/DTD/xhtml1-transitional.dtd">
<html xmlns="http://www.w3.org/1999/xhtml" xml:lang="en" lang="en">
 <head>
  <title>
</title>
<meta http-equiv="Content-Type" content="text/html;charset=utf-8" />
  <meta name='ocr-system' content='tesseract 3.04.00' />
  <meta name='ocr-capabilities' content='ocr_page ocr_carea ocr_par ocr_line ocrx_word'/>
</head>
<body>
  <div class='ocr_page' id='page_1' title='image "antiquitatesital07mura_0116.png"; bbox 0 0 2232 3089; ppageno 0'>
   <div class='ocr_carea' id='block_1_1' title="bbox 469 208 551 251">
    <p class='ocr_par' dir='ltr' id='par_1_1' title="bbox 469 208 551 251">
     <span class='ocr_line' id='line_1_1' title="bbox 469 208 551 251; baseline 0.049 -10"><span class='ocrx_word' id='word_1_1' title='bbox 469 208 551 251; x_wconf 68' lang='lat'>207</span> 
     </span>
    </p>
   </div>
   <div class='ocr_carea' id='block_1_2' title="bbox 819 187 1639 247">
    <p class='ocr_par' dir='ltr' id='par_1_2' title="bbox 819 187 1639 247">
     <span class='ocr_line' id='line_1_2' title="bbox 819 187 1639 247; baseline -0.001 -15"><span class='ocrx_word' id='word_1_2' title='bbox 819 188 1106 247; x_wconf 69' lang='lat' dir='ltr'><strong><em>ANT1,·QU</em></strong></span> <span class='ocrx_word' id='word_1_3' title='bbox 1121 189 1197 235; x_wconf 76' lang='grc' dir='ltr'>ιτ.</span> <span class='ocrx_word' id='word_1_4' title='bbox 1227 187 1442 233; x_wconf 65' lang='grc' dir='ltr'><em>ΜΕΝ]</em></span> <span class='ocrx_word' id='word_1_5' title='bbox 1470 188 1639 232; x_wconf 67' lang='lat' dir='ltr'>afim</span> 
     </span>
    </p>
   </div>
   <div class='ocr_carea' id='block_1_3' title="bbox 1899 195 1983 239">
    <p class='ocr_par' dir='ltr' id='par_1_3' title="bbox 1899 195 1983 239">
     <span class='ocr_line' id='line_1_3' title="bbox 1899 195 1983 239; baseline -0.024 0"><span class='ocrx_word' id='word_1_6' title='bbox 1899 195 1983 239; x_wconf 59' lang='lat'>228</span> 
     </span>
    </p>
   </div>
   <div class='ocr_carea' id='block_1_4' title="bbox 406 245 2043 299">
    <p class='ocr_par' dir='ltr' id='par_1_4' title="bbox 406 245 2043 299">
     <span class='ocr_line' id='line_1_4' title="bbox 406 245 2043 299; baseline 0 -11"><span class='ocrx_word' id='word_1_7' title='bbox 406 245 514 290; x_wconf 75' lang='lat' dir='ltr'>Alter</span> <span class='ocrx_word' id='word_1_8' title='bbox 540 249 705 288; x_wconf 81' lang='lat' dir='ltr'>Annulus</span> <span class='ocrx_word' id='word_1_9' title='bbox 731 246 856 286; x_wconf 83' lang='lat' dir='ltr'>itidem</span> <span class='ocrx_word' id='word_1_10' title='bbox 883 262 1004 285; x_wconf 84' lang='lat' dir='ltr'>aureus</span> <span class='ocrx_word' id='word_1_11' title='bbox 1029 250 1096 295; x_wconf 81' lang='lat' dir='ltr'>est,</span> <span class='ocrx_word' id='word_1_12' title='bbox 1119 249 1173 286; x_wconf 89' lang='lat' dir='ltr'>sed</span> <span class='ocrx_word' id='word_1_13' title='bbox 1215 254 1240 288; x_wconf 79' lang='grc' dir='ltr'><strong>Α</strong></span> <span class='ocrx_word' id='word_1_14' title='bbox 1276 262 1354 299; x_wconf 81' lang='lat' dir='ltr'>pag.</span> <span class='ocrx_word' id='word_1_15' title='bbox 1393 252 1475 296; x_wconf 76' lang='lat'>358.</span> <span class='ocrx_word' id='word_1_16' title='bbox 1513 249 1587 290; x_wconf 79' lang='lat' dir='ltr'>air,</span> <span class='ocrx_word' id='word_1_17' title='bbox 1616 249 1648 286; x_wconf 88' lang='lat' dir='ltr'>se</span> <span class='ocrx_word' id='word_1_18' title='bbox 1675 249 1816 288; x_wconf 76' lang='lat' dir='ltr'>literam</span> <span class='ocrx_word' id='word_1_19' title='bbox 1854 254 1889 288; x_wconf 89' lang='lat' dir='ltr'><em>D</em></span> <span class='ocrx_word' id='word_1_20' title='bbox 1919 251 2043 290; x_wconf 74' lang='lat' dir='ltr'>vidisse</span> 
     </span>
    </p>
   </div>
   <div class='ocr_carea' id='block_1_5' title="bbox 407 300 1174 407">
    <p class='ocr_par' dir='ltr' id='par_1_5' title="bbox 407 300 1174 407">
     <span class='ocr_line' id='line_1_5' title="bbox 407 300 1174 352; baseline -0.003 -12"><span class='ocrx_word' id='word_1_21' title='bbox 407 303 554 351; x_wconf 78' lang='lat' dir='ltr'>majoris</span> <span class='ocrx_word' id='word_1_22' title='bbox 575 315 677 352; x_wconf 83' lang='lat' dir='ltr'>quam</span> <span class='ocrx_word' id='word_1_23' title='bbox 703 302 834 350; x_wconf 71' lang='lat' dir='ltr'>primus</span> <span class='ocrx_word' id='word_1_24' title='bbox 857 300 1019 349; x_wconf 88' lang='lat' dir='ltr'>ponderis</span> <span class='ocrx_word' id='word_1_25' title='bbox 1039 315 1078 338; x_wconf 83' lang='lat' dir='ltr'>ac</span> <span class='ocrx_word' id='word_1_26' title='bbox 1099 315 1174 338; x_wconf 90' lang='lat' dir='ltr'>mo-</span> 
     </span>
     <span class='ocr_line' id='line_1_6' title="bbox 409 354 1090 407; baseline -0.003 -15"><span class='ocrx_word' id='word_1_27' title='bbox 409 356 477 393; x_wconf 82' lang='lat' dir='ltr'>lis.</span> <span class='ocrx_word' id='word_1_28' title='bbox 505 357 588 407; x_wconf 72' lang='lat' dir='ltr'>Ejus</span> <span class='ocrx_word' id='word_1_29' title='bbox 616 367 756 405; x_wconf 85' lang='lat' dir='ltr'>quoque</span> <span class='ocrx_word' id='word_1_30' title='bbox 783 354 935 403; x_wconf 63' lang='lat' dir='ltr'>essypon</span> <span class='ocrx_word' id='word_1_31' title='bbox 962 367 1090 390; x_wconf 75' lang='lat' dir='ltr'>exero.</span> 
     </span>
    </p>
   </div>
   <div class='ocr_carea' id='block_1_6' title="bbox 667 475 926 686">
    <p class='ocr_par' dir='ltr' id='par_1_6' title="bbox 667 475 926 686">
     <span class='ocr_line' id='line_1_7' title="bbox 667 475 926 686; baseline 0 2403"><span class='ocrx_word' id='word_1_32' title='bbox 667 475 926 686; x_wconf 95' lang='lat' dir='ltr'> </span> 
     </span>
    </p>
   </div>
   <div class='ocr_carea' id='block_1_7' title="bbox 411 761 1185 2593">
    <p class='ocr_par' dir='ltr' id='par_1_7' title="bbox 411 761 1185 2593">
     <span class='ocr_line' id='line_1_8' title="bbox 412 761 1176 813; baseline -0.004 -13"><span class='ocrx_word' id='word_1_33' title='bbox 412 765 571 813; x_wconf 78' lang='lat' dir='ltr'>Uterque</span> <span class='ocrx_word' id='word_1_34' title='bbox 609 765 799 807; x_wconf 79' lang='lat' dir='ltr'>Annulus,</span> <span class='ocrx_word' id='word_1_35' title='bbox 835 771 876 798; x_wconf 80' lang='lat' dir='ltr'>ut</span> <span class='ocrx_word' id='word_1_36' title='bbox 911 761 1037 806; x_wconf 84' lang='lat' dir='ltr'>vides,</span> <span class='ocrx_word' id='word_1_37' title='bbox 1074 762 1176 809; x_wconf 80' lang='lat' dir='ltr'>plane</span> 
     </span>
     <span class='ocr_line' id='line_1_9' title="bbox 412 813 1181 863; baseline -0.005 -11"><span class='ocrx_word' id='word_1_38' title='bbox 412 816 535 852; x_wconf 73' lang='lat' dir='ltr'>similis</span> <span class='ocrx_word' id='word_1_39' title='bbox 565 817 676 853; x_wconf 63' lang='lat' dir='ltr'>fon-ni</span> <span class='ocrx_word' id='word_1_40' title='bbox 702 813 827 863; x_wconf 75' lang='lat' dir='ltr'>capitis</span> <span class='ocrx_word' id='word_1_41' title='bbox 855 815 888 849; x_wconf 91' lang='lat'>&amp;</span> <span class='ocrx_word' id='word_1_42' title='bbox 917 815 1092 849; x_wconf 86' lang='lat' dir='ltr'>crinium.</span> <span class='ocrx_word' id='word_1_43' title='bbox 1118 815 1181 853; x_wconf 42' lang='lat' dir='ltr'>Se&lt;</span> 
     </span>
     <span class='ocr_line' id='line_1_10' title="bbox 411 864 1177 918; baseline -0.005 -15"><span class='ocrx_word' id='word_1_44' title='bbox 411 868 660 918; x_wconf 80' lang='lat' dir='ltr'>ptentrionalis</span> <span class='ocrx_word' id='word_1_45' title='bbox 698 865 832 915; x_wconf 81' lang='lat' dir='ltr'>gener-is</span> <span class='ocrx_word' id='word_1_46' title='bbox 870 865 991 904; x_wconf 86' lang='lat' dir='ltr'>viros,</span> <span class='ocrx_word' id='word_1_47' title='bbox 1030 864 1096 900; x_wconf 90' lang='lat' dir='ltr'>hoc</span> <span class='ocrx_word' id='word_1_48' title='bbox 1133 865 1177 901; x_wconf 90' lang='lat' dir='ltr'>est</span> 
     </span>
     <span class='ocr_line' id='line_1_11' title="bbox 413 917 1174 965; baseline -0.008 -10"><span class='ocrx_word' id='word_1_49' title='bbox 413 918 573 961; x_wconf 85' lang='lat' dir='ltr'>Gothos,</span> <span class='ocrx_word' id='word_1_50' title='bbox 599 930 658 955; x_wconf 83' lang='lat' dir='ltr'>aut</span> <span class='ocrx_word' id='word_1_51' title='bbox 688 917 958 965; x_wconf 77' lang='lat' dir='ltr'>LangobardOS,</span> <span class='ocrx_word' id='word_1_52' title='bbox 985 925 1044 950; x_wconf 83' lang='lat' dir='ltr'>aut</span> <span class='ocrx_word' id='word_1_53' title='bbox 1072 918 1174 950; x_wconf 84' lang='lat' dir='ltr'>Fran-</span> 
     </span>
     <span class='ocr_line' id='line_1_12' title="bbox 415 964 1177 1018; baseline -0.005 -12"><span class='ocrx_word' id='word_1_54' title='bbox 415 984 473 1006; x_wconf 86' lang='lat' dir='ltr'>cos</span> <span class='ocrx_word' id='word_1_55' title='bbox 511 970 588 1007; x_wconf 82' lang='lat' dir='ltr'>heic</span> <span class='ocrx_word' id='word_1_56' title='bbox 631 968 798 1018; x_wconf 77' lang='lat' dir='ltr'>designari</span> <span class='ocrx_word' id='word_1_57' title='bbox 841 965 931 1002; x_wconf 85' lang='lat' dir='ltr'>mihi</span> <span class='ocrx_word' id='word_1_58' title='bbox 971 964 1177 1014; x_wconf 71' lang='lat' dir='ltr'>persuadeo.</span> 
     </span>
     <span class='ocr_line' id='line_1_13' title="bbox 415 1017 1178 1070; baseline -0.008 -12"><span class='ocrx_word' id='word_1_59' title='bbox 415 1023 597 1058; x_wconf 81' lang='lat' dir='ltr'>Borealem</span> <span class='ocrx_word' id='word_1_60' title='bbox 628 1031 766 1070; x_wconf 79' lang='lat' dir='ltr'>gentem</span> <span class='ocrx_word' id='word_1_61' title='bbox 797 1017 920 1054; x_wconf 80' lang='lat' dir='ltr'>sonant</span> <span class='ocrx_word' id='word_1_62' title='bbox 955 1019 1099 1053; x_wconf 85' lang='lat' dir='ltr'>nomina</span> <span class='ocrx_word' id='word_1_63' title='bbox 1128 1017 1178 1053; x_wconf 82' lang='lat' dir='ltr'>ibi</span> 
     </span>
     <span class='ocr_line' id='line_1_14' title="bbox 414 1070 1178 1119; baseline -0.008 -10"><span class='ocrx_word' id='word_1_64' title='bbox 414 1072 571 1119; x_wconf 84' lang='lat' dir='ltr'>sculpta,</span> <span class='ocrx_word' id='word_1_65' title='bbox 600 1073 665 1107; x_wconf 88' lang='lat' dir='ltr'>hoc</span> <span class='ocrx_word' id='word_1_66' title='bbox 705 1071 748 1107; x_wconf 86' lang='lat' dir='ltr'>est</span> <span class='ocrx_word' id='word_1_67' title='bbox 787 1071 989 1105; x_wconf 73' lang='lat' dir='ltr'>AVFRET</span> <span class='ocrx_word' id='word_1_68' title='bbox 1026 1070 1062 1105; x_wconf 87' lang='lat' dir='ltr'>in</span> <span class='ocrx_word' id='word_1_69' title='bbox 1101 1071 1178 1104; x_wconf 83' lang='lat' dir='ltr'>An-</span> 
     </span>
     <span class='ocr_line' id='line_1_15' title="bbox 415 1119 1178 1173; baseline -0.009 -13"><span class='ocrx_word' id='word_1_70' title='bbox 415 1125 502 1160; x_wconf 85' lang='lat' dir='ltr'>nulo</span> <span class='ocrx_word' id='word_1_71' title='bbox 539 1123 676 1173; x_wconf 89' lang='lat' dir='ltr'>primo,</span> <span class='ocrx_word' id='word_1_72' title='bbox 704 1121 796 1171; x_wconf 89' lang='lat' dir='ltr'>quod</span> <span class='ocrx_word' id='word_1_73' title='bbox 831 1121 954 1157; x_wconf 82' lang='lat' dir='ltr'>Latini</span> <span class='ocrx_word' id='word_1_74' title='bbox 991 1119 1028 1156; x_wconf 88' lang='lat' dir='ltr'>in</span> <span class='ocrx_word' id='word_1_75' title='bbox 1057 1119 1178 1163; x_wconf 51' lang='lat' dir='ltr'>odofre-</span> 
     </span>
     <span class='ocr_line' id='line_1_16' title="bbox 413 1170 1179 1220; baseline -0.007 -10"><span class='ocrx_word' id='word_1_76' title='bbox 413 1175 510 1220; x_wconf 78' lang='lat' dir='ltr'>dum,</span> <span class='ocrx_word' id='word_1_77' title='bbox 541 1175 620 1210; x_wconf 83' lang='lat' dir='ltr'>Itali</span> <span class='ocrx_word' id='word_1_78' title='bbox 657 1174 694 1210; x_wconf 84' lang='lat' dir='ltr'>in</span> <span class='ocrx_word' id='word_1_79' title='bbox 731 1174 857 1219; x_wconf 73' lang='lat' dir='ltr'>Offredo</span> <span class='ocrx_word' id='word_1_80' title='bbox 885 1172 995 1219; x_wconf 79' lang='lat' dir='ltr'>postea</span> <span class='ocrx_word' id='word_1_81' title='bbox 1032 1170 1179 1206; x_wconf 81' lang='lat' dir='ltr'>intorse-</span> 
     </span>
     <span class='ocr_line' id='line_1_17' title="bbox 413 1220 1180 1269; baseline -0.008 -8"><span class='ocrx_word' id='word_1_82' title='bbox 413 1234 517 1262; x_wconf 81' lang='lat' dir='ltr'>runt.</span> <span class='ocrx_word' id='word_1_83' title='bbox 556 1227 680 1262; x_wconf 83' lang='lat' dir='ltr'>Seculo</span> <span class='ocrx_word' id='word_1_84' title='bbox 721 1223 850 1259; x_wconf 53' lang='lat' dir='ltr'>Christi</span> <span class='ocrx_word' id='word_1_85' title='bbox 890 1222 1048 1269; x_wconf 86' lang='lat' dir='ltr'>Septimo</span> <span class='ocrx_word' id='word_1_86' title='bbox 1091 1220 1180 1269; x_wconf 83' lang='lat' dir='ltr'>apud</span> 
     </span>
     <span class='ocr_line' id='line_1_18' title="bbox 415 1271 1181 1325; baseline -0.008 -13"><span class='ocrx_word' id='word_1_87' title='bbox 415 1277 683 1325; x_wconf 81' lang='lat' dir='ltr'>Burgundiones</span> <span class='ocrx_word' id='word_1_88' title='bbox 718 1275 754 1310; x_wconf 89' lang='lat' dir='ltr'>in</span> <span class='ocrx_word' id='word_1_89' title='bbox 784 1273 1001 1309; x_wconf 78' lang='lat' dir='ltr'>Monasterio</span> <span class='ocrx_word' id='word_1_90' title='bbox 1038 1271 1181 1307; x_wconf 85' lang='lat' dir='ltr'>Conda-</span> 
     </span>
     <span class='ocr_line' id='line_1_19' title="bbox 413 1322 1183 1372; baseline -0.008 -10"><span class='ocrx_word' id='word_1_91' title='bbox 413 1326 577 1372; x_wconf 76' lang='lat' dir='ltr'>tescensi,</span> <span class='ocrx_word' id='word_1_92' title='bbox 603 1339 694 1361; x_wconf 89' lang='lat' dir='ltr'>nunc</span> <span class='ocrx_word' id='word_1_93' title='bbox 721 1324 837 1360; x_wconf 67' lang='lat' dir='ltr'>Sanffl</span> <span class='ocrx_word' id='word_1_94' title='bbox 864 1323 1032 1367; x_wconf 83' lang='lat' dir='ltr'>Claudii,</span> <span class='ocrx_word' id='word_1_95' title='bbox 1061 1322 1183 1357; x_wconf 85' lang='lat' dir='ltr'>floruit</span> 
     </span>
     <span class='ocr_line' id='line_1_20' title="bbox 413 1373 1183 1419; baseline -0.005 -7"><span class='ocrx_word' id='word_1_96' title='bbox 413 1378 559 1413; x_wconf 64' lang='lat' dir='ltr'>SanSlus</span> <span class='ocrx_word' id='word_1_97' title='bbox 587 1377 753 1419; x_wconf 68' lang='lat' dir='ltr'>Ausa-dus</span> <span class='ocrx_word' id='word_1_98' title='bbox 789 1373 929 1414; x_wconf 50' lang='lat' dir='ltr'>adibas,</span> <span class='ocrx_word' id='word_1_99' title='bbox 958 1373 1009 1409; x_wconf 79' lang='lat' dir='ltr'>uti</span> <span class='ocrx_word' id='word_1_100' title='bbox 1048 1373 1183 1408; x_wconf 88' lang='lat' dir='ltr'>Mabil—</span> 
     </span>
     <span class='ocr_line' id='line_1_21' title="bbox 412 1423 1184 1464; baseline -0.006 -1"><span class='ocrx_word' id='word_1_101' title='bbox 412 1429 531 1464; x_wconf 70' lang='lat' dir='ltr'>Ionius</span> <span class='ocrx_word' id='word_1_102' title='bbox 559 1429 662 1462; x_wconf 88' lang='lat' dir='ltr'>docet</span> <span class='ocrx_word' id='word_1_103' title='bbox 693 1426 729 1462; x_wconf 86' lang='lat' dir='ltr'>in</span> <span class='ocrx_word' id='word_1_104' title='bbox 760 1426 930 1461; x_wconf 85' lang='lat' dir='ltr'>Annalib.</span> <span class='ocrx_word' id='word_1_105' title='bbox 961 1423 1184 1460; x_wconf 66' lang='lat' dir='ltr'>Benedifflin.</span> 
     </span>
     <span class='ocr_line' id='line_1_22' title="bbox 413 1474 1184 1515; baseline -0.006 -1"><span class='ocrx_word' id='word_1_106' title='bbox 413 1479 455 1515; x_wconf 82' lang='lat' dir='ltr'>ad</span> <span class='ocrx_word' id='word_1_107' title='bbox 495 1482 639 1514; x_wconf 87' lang='lat' dir='ltr'>Annum</span> <span class='ocrx_word' id='word_1_108' title='bbox 685 1477 816 1513; x_wconf 81' lang='lat' dir='ltr'>Christi</span> <span class='ocrx_word' id='word_1_109' title='bbox 862 1477 1064 1511; x_wconf 60' lang='lat' dir='ltr'>DCXLVI.</span> <span class='ocrx_word' id='word_1_110' title='bbox 1103 1474 1184 1510; x_wconf 84' lang='lat' dir='ltr'>Alii</span> 
     </span>
     <span class='ocr_line' id='line_1_23' title="bbox 413 1525 1183 1576; baseline -0.014 -10"><span class='ocrx_word' id='word_1_111' title='bbox 413 1529 453 1566; x_wconf 75' lang='lat' dir='ltr'>in</span> <span class='ocrx_word' id='word_1_112' title='bbox 482 1530 625 1576; x_wconf 78' lang='lat' dir='ltr'>antiqua</span> <span class='ocrx_word' id='word_1_113' title='bbox 655 1528 811 1564; x_wconf 83' lang='lat' dir='ltr'>Historia</span> <span class='ocrx_word' id='word_1_114' title='bbox 847 1534 1035 1559; x_wconf 87' lang='lat' dir='ltr'>occurrunt</span> <span class='ocrx_word' id='word_1_115' title='bbox 1062 1525 1183 1566; x_wconf 72' lang='lat' dir='ltr'>Ausri—</span> 
     </span>
     <span class='ocr_line' id='line_1_24' title="bbox 413 1573 1180 1622; baseline -0.012 -7"><span class='ocrx_word' id='word_1_116' title='bbox 413 1582 450 1616; x_wconf 66' lang='lat' dir='ltr'>dt</span> <span class='ocrx_word' id='word_1_117' title='bbox 477 1582 510 1616; x_wconf 77' lang='grc' dir='ltr'>δι</span> <span class='ocrx_word' id='word_1_118' title='bbox 541 1580 662 1621; x_wconf 58' lang='lat' dir='ltr'>offridi</span> <span class='ocrx_word' id='word_1_119' title='bbox 700 1577 845 1612; x_wconf 85' lang='lat' dir='ltr'>nornine</span> <span class='ocrx_word' id='word_1_120' title='bbox 882 1573 1025 1622; x_wconf 80' lang='lat' dir='ltr'>signati.</span> <span class='ocrx_word' id='word_1_121' title='bbox 1064 1575 1104 1607; x_wconf 88' lang='lat' dir='ltr'>In</span> <span class='ocrx_word' id='word_1_122' title='bbox 1132 1573 1180 1608; x_wconf 85' lang='lat' dir='ltr'>al-</span> 
     </span>
     <span class='ocr_line' id='line_1_25' title="bbox 414 1622 1183 1672; baseline -0.01 -5"><span class='ocrx_word' id='word_1_123' title='bbox 414 1640 492 1667; x_wconf 85' lang='lat' dir='ltr'>tero</span> <span class='ocrx_word' id='word_1_124' title='bbox 524 1632 669 1666; x_wconf 85' lang='lat' dir='ltr'><strong>Annulo</strong></span> <span class='ocrx_word' id='word_1_125' title='bbox 698 1641 767 1664; x_wconf 88' lang='lat' dir='ltr'>non</span> <span class='ocrx_word' id='word_1_126' title='bbox 798 1626 901 1661; x_wconf 84' lang='lat' dir='ltr'>facile</span> <span class='ocrx_word' id='word_1_127' title='bbox 929 1625 1032 1672; x_wconf 86' lang='lat' dir='ltr'>quale</span> <span class='ocrx_word' id='word_1_128' title='bbox 1059 1622 1101 1659; x_wconf 87' lang='lat' dir='ltr'>fit</span> <span class='ocrx_word' id='word_1_129' title='bbox 1129 1623 1183 1659; x_wconf 90' lang='lat' dir='ltr'>vi-</span> 
     </span>
     <span class='ocr_line' id='line_1_26' title="bbox 413 1674 1183 1724; baseline -0.013 -6"><span class='ocrx_word' id='word_1_130' title='bbox 413 1683 445 1719; x_wconf 86' lang='lat' dir='ltr'>ri</span> <span class='ocrx_word' id='word_1_131' title='bbox 467 1695 595 1718; x_wconf 89' lang='lat' dir='ltr'>nomen</span> <span class='ocrx_word' id='word_1_132' title='bbox 621 1681 804 1716; x_wconf 78' lang='lat' dir='ltr'>decernas.</span> <span class='ocrx_word' id='word_1_133' title='bbox 833 1679 958 1724; x_wconf 88' lang='lat' dir='ltr'>Neque</span> <span class='ocrx_word' id='word_1_134' title='bbox 981 1674 1075 1710; x_wconf 90' lang='lat' dir='ltr'>enim</span> <span class='ocrx_word' id='word_1_135' title='bbox 1099 1687 1183 1710; x_wconf 90' lang='lat' dir='ltr'>con—</span> 
     </span>
     <span class='ocr_line' id='line_1_27' title="bbox 413 1725 1183 1777; baseline -0.012 -8"><span class='ocrx_word' id='word_1_136' title='bbox 413 1733 502 1777; x_wconf 84' lang='lat' dir='ltr'>stat,</span> <span class='ocrx_word' id='word_1_137' title='bbox 523 1732 649 1768; x_wconf 76' lang='lat' dir='ltr'>sint-ne</span> <span class='ocrx_word' id='word_1_138' title='bbox 673 1731 818 1768; x_wconf 78' lang='lat' dir='ltr'>literae,</span> <span class='ocrx_word' id='word_1_139' title='bbox 840 1741 882 1763; x_wconf 83' lang='lat' dir='ltr'>an</span> <span class='ocrx_word' id='word_1_140' title='bbox 904 1727 972 1762; x_wconf 80' lang='lat' dir='ltr'>alia</span> <span class='ocrx_word' id='word_1_141' title='bbox 999 1725 1183 1774; x_wconf 85' lang='lat' dir='ltr'>quaepiam</span> 
     </span>
     <span class='ocr_line' id='line_1_28' title="bbox 415 1777 1183 1833; baseline -0.01 -14"><span class='ocrx_word' id='word_1_142' title='bbox 415 1784 509 1833; x_wconf 83' lang='lat' dir='ltr'>figna</span> <span class='ocrx_word' id='word_1_143' title='bbox 537 1784 632 1818; x_wconf 85' lang='lat' dir='ltr'>inter</span> <span class='ocrx_word' id='word_1_144' title='bbox 659 1795 746 1828; x_wconf 90' lang='lat' dir='ltr'>quae</span> <span class='ocrx_word' id='word_1_145' title='bbox 776 1785 803 1814; x_wconf 93' lang='lat' dir='ltr'><em>O</em></span> <span class='ocrx_word' id='word_1_146' title='bbox 833 1778 980 1827; x_wconf 83' lang='lat' dir='ltr'>pofitum</span> <span class='ocrx_word' id='word_1_147' title='bbox 1019 1777 1082 1813; x_wconf 89' lang='lat' dir='ltr'>est.</span> <span class='ocrx_word' id='word_1_148' title='bbox 1113 1779 1183 1812; x_wconf 80' lang='lat' dir='ltr'>Ex—</span> 
     </span>
     <span class='ocr_line' id='line_1_29' title="bbox 414 1832 1182 1883; baseline -0.007 -14"><span class='ocrx_word' id='word_1_149' title='bbox 414 1834 571 1883; x_wconf 82' lang='lat' dir='ltr'>cogitare</span> <span class='ocrx_word' id='word_1_150' title='bbox 600 1833 678 1867; x_wconf 87' lang='lat' dir='ltr'>illic</span> <span class='ocrx_word' id='word_1_151' title='bbox 708 1832 807 1866; x_wconf 80' lang='lat' dir='ltr'><em>Delta</em></span> <span class='ocrx_word' id='word_1_152' title='bbox 843 1832 1015 1864; x_wconf 78' lang='lat' dir='ltr'>Graecum</span> <span class='ocrx_word' id='word_1_153' title='bbox 1034 1856 1043 1872; x_wconf 93' lang='lat'>‚</span> <span class='ocrx_word' id='word_1_154' title='bbox 1073 1838 1182 1864; x_wconf 84' lang='lat' dir='ltr'>teme-</span> 
     </span>
     <span class='ocr_line' id='line_1_30' title="bbox 412 1877 1183 1928; baseline -0.008 -8"><span class='ocrx_word' id='word_1_155' title='bbox 412 1885 520 1921; x_wconf 84' lang='lat' dir='ltr'>ritate</span> <span class='ocrx_word' id='word_1_156' title='bbox 559 1896 628 1918; x_wconf 91' lang='lat' dir='ltr'>non</span> <span class='ocrx_word' id='word_1_157' title='bbox 668 1890 803 1917; x_wconf 82' lang='lat' dir='ltr'>careat.</span> <span class='ocrx_word' id='word_1_158' title='bbox 838 1882 1018 1916; x_wconf 77' lang='lat' dir='ltr'>Praeterea</span> <span class='ocrx_word' id='word_1_159' title='bbox 1057 1877 1183 1928; x_wconf 82' lang='lat' dir='ltr'>figuras</span> 
     </span>
     <span class='ocr_line' id='line_1_31' title="bbox 411 1932 1182 1971; baseline -0.008 0"><span class='ocrx_word' id='word_1_160' title='bbox 411 1948 536 1971; x_wconf 87' lang='lat' dir='ltr'>omnes</span> <span class='ocrx_word' id='word_1_161' title='bbox 569 1935 750 1969; x_wconf 82' lang='lat' dir='ltr'>literarum</span> <span class='ocrx_word' id='word_1_162' title='bbox 792 1932 1031 1970; x_wconf 81' lang='lat' dir='ltr'>Runicarum,</span> <span class='ocrx_word' id='word_1_163' title='bbox 1057 1934 1091 1966; x_wconf 70' lang='grc' dir='ltr'>ὅ(</span> <span class='ocrx_word' id='word_1_164' title='bbox 1131 1943 1182 1966; x_wconf 90' lang='lat' dir='ltr'>re-</span> 
     </span>
     <span class='ocr_line' id='line_1_32' title="bbox 414 1981 1183 2035; baseline -0.007 -13"><span class='ocrx_word' id='word_1_165' title='bbox 414 1986 592 2035; x_wconf 83' lang='lat' dir='ltr'>liquarum</span> <span class='ocrx_word' id='word_1_166' title='bbox 623 1983 960 2033; x_wconf 79' lang='lat' dir='ltr'>Septentrionalium</span> <span class='ocrx_word' id='word_1_167' title='bbox 994 1983 1036 2018; x_wconf 85' lang='lat' dir='ltr'>ab</span> <span class='ocrx_word' id='word_1_168' title='bbox 1064 1981 1183 2018; x_wconf 84' lang='lat' dir='ltr'>Hike-</span> 
     </span>
     <span class='ocr_line' id='line_1_33' title="bbox 413 2033 1184 2082; baseline -0.006 -9"><span class='ocrx_word' id='word_1_169' title='bbox 413 2037 462 2073; x_wconf 82' lang='lat' dir='ltr'>sio</span> <span class='ocrx_word' id='word_1_170' title='bbox 487 2034 654 2072; x_wconf 46' lang='lat' dir='ltr'>conteras</span> <span class='ocrx_word' id='word_1_171' title='bbox 681 2035 717 2072; x_wconf 89' lang='lat' dir='ltr'>in</span> <span class='ocrx_word' id='word_1_172' title='bbox 743 2034 912 2072; x_wconf 73' lang='lat' dir='ltr'>The-saur.</span> <span class='ocrx_word' id='word_1_173' title='bbox 935 2033 1103 2082; x_wconf 83' lang='lat' dir='ltr'>Linguar.</span> <span class='ocrx_word' id='word_1_174' title='bbox 1125 2035 1184 2068; x_wconf 91' lang='lat' dir='ltr'>Se—</span> 
     </span>
     <span class='ocr_line' id='line_1_34' title="bbox 412 2084 1184 2136; baseline -0.006 -13"><span class='ocrx_word' id='word_1_175' title='bbox 412 2088 646 2136; x_wconf 87' lang='lat' dir='ltr'>ptentrional.</span> <span class='ocrx_word' id='word_1_176' title='bbox 674 2100 739 2136; x_wconf 82' lang='lat' dir='ltr'>ego</span> <span class='ocrx_word' id='word_1_177' title='bbox 768 2085 947 2122; x_wconf 89' lang='lat' dir='ltr'>consului.</span> <span class='ocrx_word' id='word_1_178' title='bbox 978 2084 1085 2122; x_wconf 86' lang='lat' dir='ltr'>Nihil</span> <span class='ocrx_word' id='word_1_179' title='bbox 1113 2085 1184 2119; x_wconf 83' lang='lat' dir='ltr'>tale</span> 
     </span>
     <span class='ocr_line' id='line_1_35' title="bbox 411 2133 1184 2183; baseline -0.006 -9"><span class='ocrx_word' id='word_1_180' title='bbox 411 2138 465 2175; x_wconf 86' lang='lat' dir='ltr'>ibi</span> <span class='ocrx_word' id='word_1_181' title='bbox 503 2138 683 2174; x_wconf 82' lang='lat' dir='ltr'>occurrit.</span> <span class='ocrx_word' id='word_1_182' title='bbox 723 2140 842 2183; x_wconf 79' lang='lat' dir='ltr'>Quare</span> <span class='ocrx_word' id='word_1_183' title='bbox 882 2136 934 2172; x_wconf 85' lang='lat' dir='ltr'>nil</span> <span class='ocrx_word' id='word_1_184' title='bbox 971 2136 1060 2171; x_wconf 80' lang='lat' dir='ltr'>certi</span> <span class='ocrx_word' id='word_1_185' title='bbox 1102 2133 1184 2170; x_wconf 91' lang='lat' dir='ltr'>inde</span> 
     </span>
     <span class='ocr_line' id='line_1_36' title="bbox 412 2185 1183 2234; baseline -0.004 -10"><span class='ocrx_word' id='word_1_186' title='bbox 412 2188 504 2225; x_wconf 85' lang='lat' dir='ltr'>mihi</span> <span class='ocrx_word' id='word_1_187' title='bbox 543 2187 787 2234; x_wconf 81' lang='lat' dir='ltr'>exsculpitur,</span> <span class='ocrx_word' id='word_1_188' title='bbox 825 2185 888 2222; x_wconf 68' lang='lat' dir='ltr'>nisi</span> <span class='ocrx_word' id='word_1_189' title='bbox 930 2189 1053 2229; x_wconf 75' lang='lat' dir='ltr'>OVA,</span> <span class='ocrx_word' id='word_1_190' title='bbox 1090 2185 1183 2234; x_wconf 81' lang='lat' dir='ltr'>quod</span> 
     </span>
     <span class='ocr_line' id='line_1_37' title="bbox 414 2236 1182 2286; baseline -0.004 -11"><span class='ocrx_word' id='word_1_191' title='bbox 414 2252 556 2275; x_wconf 79' lang='lat' dir='ltr'>nomem</span> <span class='ocrx_word' id='word_1_192' title='bbox 594 2238 742 2274; x_wconf 75' lang='lat' dir='ltr'>Gothici</span> <span class='ocrx_word' id='word_1_193' title='bbox 784 2236 921 2285; x_wconf 85' lang='lat' dir='ltr'>aliquid</span> <span class='ocrx_word' id='word_1_194' title='bbox 960 2236 1072 2286; x_wconf 86' lang='lat' dir='ltr'>sapit,</span> <span class='ocrx_word' id='word_1_195' title='bbox 1104 2249 1182 2272; x_wconf 83' lang='lat' dir='ltr'>nam</span> 
     </span>
     <span class='ocr_line' id='line_1_38' title="bbox 414 2288 1184 2332; baseline -0.006 -6"><span class='ocrx_word' id='word_1_196' title='bbox 414 2290 546 2326; x_wconf 76' lang='lat' dir='ltr'>Gothis</span> <span class='ocrx_word' id='word_1_197' title='bbox 584 2288 654 2323; x_wconf 74' lang='lat' dir='ltr'>fuit</span> <span class='ocrx_word' id='word_1_198' title='bbox 691 2290 824 2330; x_wconf 77' lang='lat' dir='ltr'>Tottla‚</span> <span class='ocrx_word' id='word_1_199' title='bbox 861 2289 1029 2330; x_wconf 72' lang='lat' dir='ltr'>Baduila,</span> <span class='ocrx_word' id='word_1_200' title='bbox 1066 2291 1184 2332; x_wconf 60' lang='grc' dir='ltr'><em>Βαζα,</em></span> 
     </span>
     <span class='ocr_line' id='line_1_39' title="bbox 413 2339 1182 2381; baseline -0.005 -6"><span class='ocrx_word' id='word_1_201' title='bbox 413 2342 584 2380; x_wconf 66' lang='lat' dir='ltr'>Chimila,</span> <span class='ocrx_word' id='word_1_202' title='bbox 623 2341 738 2380; x_wconf 78' lang='lat' dir='ltr'>Goda.</span> <span class='ocrx_word' id='word_1_203' title='bbox 776 2341 906 2381; x_wconf 69' lang='lat' dir='ltr'>Hibba,</span> <span class='ocrx_word' id='word_1_204' title='bbox 944 2339 1066 2377; x_wconf 68' lang='lat' dir='ltr'>Liwa,</span> <span class='ocrx_word' id='word_1_205' title='bbox 1103 2339 1182 2372; x_wconf 84' lang='lat' dir='ltr'>Ovi-</span> 
     </span>
     <span class='ocr_line' id='line_1_40' title="bbox 411 2388 1182 2436; baseline -0.004 -11"><span class='ocrx_word' id='word_1_206' title='bbox 411 2394 480 2430; x_wconf 71' lang='lat' dir='ltr'>da,</span> <span class='ocrx_word' id='word_1_207' title='bbox 518 2390 622 2435; x_wconf 74' lang='lat' dir='ltr'>cha,</span> <span class='ocrx_word' id='word_1_208' title='bbox 660 2392 818 2428; x_wconf 80' lang='lat' dir='ltr'>Wamba,</span> <span class='ocrx_word' id='word_1_209' title='bbox 858 2389 995 2436; x_wconf 75' lang='lat' dir='ltr'>aliaque</span> <span class='ocrx_word' id='word_1_210' title='bbox 1032 2388 1182 2435; x_wconf 79' lang='lat' dir='ltr'>ejusdem</span> 
     </span>
     <span class='ocr_line' id='line_1_41' title="bbox 412 2439 1184 2489; baseline -0.008 -11"><span class='ocrx_word' id='word_1_211' title='bbox 412 2442 490 2479; x_wconf 79' lang='lat' dir='ltr'>soni</span> <span class='ocrx_word' id='word_1_212' title='bbox 535 2452 638 2489; x_wconf 84' lang='lat' dir='ltr'>atque</span> <span class='ocrx_word' id='word_1_213' title='bbox 680 2439 945 2476; x_wconf 80' lang='lat' dir='ltr'>terminationis</span> <span class='ocrx_word' id='word_1_214' title='bbox 988 2439 1184 2473; x_wconf 84' lang='lat' dir='ltr'>vocabula.</span> 
     </span>
     <span class='ocr_line' id='line_1_42' title="bbox 415 2489 1179 2538; baseline -0.009 -9"><span class='ocrx_word' id='word_1_215' title='bbox 415 2496 473 2531; x_wconf 84' lang='lat' dir='ltr'>Ne</span> <span class='ocrx_word' id='word_1_216' title='bbox 501 2493 585 2538; x_wconf 84' lang='lat' dir='ltr'>quid</span> <span class='ocrx_word' id='word_1_217' title='bbox 621 2502 738 2526; x_wconf 78' lang='lat' dir='ltr'>tamen</span> <span class='ocrx_word' id='word_1_218' title='bbox 776 2489 1012 2527; x_wconf 82' lang='lat' dir='ltr'>diffimulem,</span> <span class='ocrx_word' id='word_1_219' title='bbox 1041 2489 1179 2523; x_wconf 70' lang='lat' dir='ltr'>fabret-</span> 
     </span>
     <span class='ocr_line' id='line_1_43' title="bbox 413 2540 1185 2593; baseline -0.009 -12"><span class='ocrx_word' id='word_1_220' title='bbox 413 2553 471 2581; x_wconf 80' lang='lat' dir='ltr'>tus</span> <span class='ocrx_word' id='word_1_221' title='bbox 510 2546 598 2593; x_wconf 70' lang='lat' dir='ltr'>cap.</span> <span class='ocrx_word' id='word_1_222' title='bbox 648 2546 682 2579; x_wconf 77' lang='lat'>8.</span> <span class='ocrx_word' id='word_1_223' title='bbox 723 2540 951 2591; x_wconf 83' lang='lat' dir='ltr'>lnscription.</span> <span class='ocrx_word' id='word_1_224' title='bbox 991 2541 1185 2587; x_wconf 75' lang='lat' dir='ltr'>Antiquar-</span> 
     </span>
    </p>
   </div>
   <div class='ocr_carea' id='block_1_8' title="bbox 1215 713 1243 748">
    <p class='ocr_par' dir='ltr' id='par_1_8' title="bbox 1215 713 1243 748">
     <span class='ocr_line' id='line_1_44' title="bbox 1215 713 1243 748; baseline 0 0"><span class='ocrx_word' id='word_1_225' title='bbox 1215 713 1243 748; x_wconf 89' lang='lat' dir='ltr'>B</span> 
     </span>
    </p>
   </div>
   <div class='ocr_carea' id='block_1_9' title="bbox 1216 1166 1261 1213">
    <p class='ocr_par' dir='ltr' id='par_1_9' title="bbox 1216 1166 1261 1213">
     <span class='ocr_line' id='line_1_45' title="bbox 1216 1166 1261 1213; baseline 0 0"><span class='ocrx_word' id='word_1_226' title='bbox 1216 1166 1248 1201; x_wconf 83' lang='lat' dir='ltr'>C</span> <span class='ocrx_word' id='word_1_227' title='bbox 1258 1209 1261 1213; x_wconf 91' lang='lat'>.</span> 
     </span>
    </p>
   </div>
   <div class='ocr_carea' id='block_1_10' title="bbox 1258 1215 1262 1295">
    <p class='ocr_par' dir='ltr' id='par_1_10' title="bbox 1258 1215 1262 1295">
     <span class='ocr_line' id='line_1_46' title="bbox 1258 1215 1262 1295; baseline 0 0"><span class='ocrx_word' id='word_1_228' title='bbox 1258 1215 1262 1295; x_wconf 95' lang='grc' dir='ltr'>Ι</span> 
     </span>
    </p>
   </div>
   <div class='ocr_carea' id='block_1_11' title="bbox 1219 1618 1253 1651">
    <p class='ocr_par' dir='ltr' id='par_1_11' title="bbox 1219 1618 1253 1651">
     <span class='ocr_line' id='line_1_47' title="bbox 1219 1618 1253 1651; baseline 0 0"><span class='ocrx_word' id='word_1_229' title='bbox 1219 1618 1253 1651; x_wconf 94' lang='lat' dir='ltr'>D</span> 
     </span>
    </p>
   </div>
   <div class='ocr_carea' id='block_1_12' title="bbox 1261 1673 1266 1870">
    <p class='ocr_par' dir='ltr' id='par_1_12' title="bbox 1261 1673 1266 1870">
     <span class='ocr_line' id='line_1_48' title="bbox 1261 1673 1266 1870; baseline 0 1219"><span class='ocrx_word' id='word_1_230' title='bbox 1261 1673 1266 1870; x_wconf 95' lang='lat' dir='ltr'> </span> 
     </span>
    </p>
   </div>
   <div class='ocr_carea' id='block_1_13' title="bbox 1262 1871 1267 2069">
    <p class='ocr_par' dir='ltr' id='par_1_13' title="bbox 1262 1871 1267 2069">
     <span class='ocr_line' id='line_1_49' title="bbox 1262 1871 1267 2069; baseline 0 1020"><span class='ocrx_word' id='word_1_231' title='bbox 1262 1871 1267 2069; x_wconf 95' lang='lat' dir='ltr'> </span> 
     </span>
    </p>
   </div>
   <div class='ocr_carea' id='block_1_14' title="bbox 1219 2071 1265 2130">
    <p class='ocr_par' dir='ltr' id='par_1_14' title="bbox 1219 2071 1265 2130">
     <span class='ocr_line' id='line_1_50' title="bbox 1219 2071 1265 2130; baseline 0 0"><span class='ocrx_word' id='word_1_232' title='bbox 1219 2078 1248 2111; x_wconf 79' lang='grc' dir='ltr'><strong>Ε</strong></span> <span class='ocrx_word' id='word_1_233' title='bbox 1264 2071 1265 2130; x_wconf 59' lang='grc' dir='ltr'>ζ</span> 
     </span>
    </p>
   </div>
   <div class='ocr_carea' id='block_1_15' title="bbox 1277 299 2048 756">
    <p class='ocr_par' dir='ltr' id='par_1_15' title="bbox 1277 299 2048 756">
     <span class='ocr_line' id='line_1_51' title="bbox 1277 299 2048 352; baseline 0 -15"><span class='ocrx_word' id='word_1_234' title='bbox 1277 301 1467 350; x_wconf 83' lang='lat' dir='ltr'>aliquando</span> <span class='ocrx_word' id='word_1_235' title='bbox 1491 301 1653 352; x_wconf 81' lang='lat' dir='ltr'>scriptam</span> <span class='ocrx_word' id='word_1_236' title='bbox 1682 299 1810 350; x_wconf 52' lang='lat' dir='ltr'>trigoni</span> <span class='ocrx_word' id='word_1_237' title='bbox 1833 306 1958 352; x_wconf 82' lang='lat' dir='ltr'>quidem</span> <span class='ocrx_word' id='word_1_238' title='bbox 1980 305 2048 349; x_wconf 77' lang='lat' dir='ltr'>sor-</span> 
     </span>
     <span class='ocr_line' id='line_1_52' title="bbox 1277 353 2044 402; baseline 0.007 -16"><span class='ocrx_word' id='word_1_239' title='bbox 1277 355 1348 388; x_wconf 65' lang='lat' dir='ltr'>md.</span> <span class='ocrx_word' id='word_1_240' title='bbox 1378 353 1483 389; x_wconf 88' lang='lat' dir='ltr'>Addo</span> <span class='ocrx_word' id='word_1_241' title='bbox 1521 354 1655 402; x_wconf 85' lang='lat' dir='ltr'>aliquid</span> <span class='ocrx_word' id='word_1_242' title='bbox 1694 353 1806 389; x_wconf 85' lang='lat' dir='ltr'>fimile</span> <span class='ocrx_word' id='word_1_243' title='bbox 1844 355 1991 391; x_wconf 83' lang='lat' dir='ltr'>indicari</span> <span class='ocrx_word' id='word_1_244' title='bbox 2024 367 2044 390; x_wconf 84' lang='lat' dir='ltr'>a</span> 
     </span>
     <span class='ocr_line' id='line_1_53' title="bbox 1277 403 2045 442; baseline 0.004 -3"><span class='ocrx_word' id='word_1_245' title='bbox 1277 403 1476 441; x_wconf 66' lang='lat' dir='ltr'>doftiffimo</span> <span class='ocrx_word' id='word_1_246' title='bbox 1516 405 1738 442; x_wconf 70' lang='lat' dir='ltr'>Florentinio</span> <span class='ocrx_word' id='word_1_247' title='bbox 1776 406 1812 441; x_wconf 91' lang='lat' dir='ltr'>in</span> <span class='ocrx_word' id='word_1_248' title='bbox 1843 405 1930 442; x_wconf 77' lang='lat' dir='ltr'>Vita</span> <span class='ocrx_word' id='word_1_249' title='bbox 1960 406 2045 442; x_wconf 81' lang='lat' dir='ltr'>Ma-</span> 
     </span>
     <span class='ocr_line' id='line_1_54' title="bbox 1278 455 2044 506; baseline 0 -14"><span class='ocrx_word' id='word_1_250' title='bbox 1278 456 1401 492; x_wconf 84' lang='lat' dir='ltr'>thildis</span> <span class='ocrx_word' id='word_1_251' title='bbox 1429 455 1642 493; x_wconf 80' lang='lat' dir='ltr'>Comitiffae</span> <span class='ocrx_word' id='word_1_252' title='bbox 1679 458 1761 494; x_wconf 82' lang='lat' dir='ltr'>Lib.</span> <span class='ocrx_word' id='word_1_253' title='bbox 1790 469 1822 505; x_wconf 84' lang='lat'>3.</span> <span class='ocrx_word' id='word_1_254' title='bbox 1851 470 1928 506; x_wconf 84' lang='lat' dir='ltr'>pag.</span> <span class='ocrx_word' id='word_1_255' title='bbox 1959 468 2044 492; x_wconf 87' lang='lat'>100.</span> 
     </span>
     <span class='ocr_line' id='line_1_55' title="bbox 1277 507 2046 558; baseline 0.001 -16"><span class='ocrx_word' id='word_1_256' title='bbox 1277 507 1367 542; x_wconf 88' lang='lat' dir='ltr'>unde</span> <span class='ocrx_word' id='word_1_257' title='bbox 1393 507 1453 543; x_wconf 86' lang='lat' dir='ltr'>lux</span> <span class='ocrx_word' id='word_1_258' title='bbox 1483 508 1584 545; x_wconf 87' lang='lat' dir='ltr'>nobis</span> <span class='ocrx_word' id='word_1_259' title='bbox 1613 509 1778 558; x_wconf 76' lang='lat' dir='ltr'>affulgere</span> <span class='ocrx_word' id='word_1_260' title='bbox 1805 509 1896 558; x_wconf 77' lang='lat' dir='ltr'>posse</span> <span class='ocrx_word' id='word_1_261' title='bbox 1925 507 2046 543; x_wconf 82' lang='lat' dir='ltr'>videa—</span> 
     </span>
     <span class='ocr_line' id='line_1_56' title="bbox 1277 558 2042 604; baseline 0.001 -12"><span class='ocrx_word' id='word_1_262' title='bbox 1277 567 1354 593; x_wconf 88' lang='lat' dir='ltr'>tur.</span> <span class='ocrx_word' id='word_1_263' title='bbox 1390 560 1540 604; x_wconf 83' lang='lat' dir='ltr'>Quaerit</span> <span class='ocrx_word' id='word_1_264' title='bbox 1583 560 1668 603; x_wconf 88' lang='lat' dir='ltr'>ille,</span> <span class='ocrx_word' id='word_1_265' title='bbox 1711 573 1791 595; x_wconf 84' lang='lat' dir='ltr'>num</span> <span class='ocrx_word' id='word_1_266' title='bbox 1837 558 2042 595; x_wconf 80' lang='lat' dir='ltr'>Bonifacius</span> 
     </span>
     <span class='ocr_line' id='line_1_57' title="bbox 1277 607 2042 659; baseline 0 -16"><span class='ocrx_word' id='word_1_267' title='bbox 1277 607 1428 644; x_wconf 86' lang='lat' dir='ltr'>Tusciae</span> <span class='ocrx_word' id='word_1_268' title='bbox 1468 612 1548 646; x_wconf 86' lang='lat' dir='ltr'>Dux</span> <span class='ocrx_word' id='word_1_269' title='bbox 1587 612 1621 646; x_wconf 90' lang='lat'>&amp;</span> <span class='ocrx_word' id='word_1_270' title='bbox 1660 610 1851 655; x_wconf 76' lang='lat' dir='ltr'>Marchio,</span> <span class='ocrx_word' id='word_1_271' title='bbox 1889 609 2042 659; x_wconf 85' lang='lat' dir='ltr'>ejusdem</span> 
     </span>
     <span class='ocr_line' id='line_1_58' title="bbox 1277 658 2044 709; baseline 0 -14"><span class='ocrx_word' id='word_1_272' title='bbox 1277 658 1470 695; x_wconf 76' lang='lat' dir='ltr'>Mathildis</span> <span class='ocrx_word' id='word_1_273' title='bbox 1497 670 1614 709; x_wconf 81' lang='lat' dir='ltr'>pater,</span> <span class='ocrx_word' id='word_1_274' title='bbox 1636 674 1799 696; x_wconf 88' lang='lat' dir='ltr'>nummos</span> <span class='ocrx_word' id='word_1_275' title='bbox 1825 660 2044 709; x_wconf 73' lang='lat' dir='ltr'>percusserit,</span> 
     </span>
     <span class='ocr_line' id='line_1_59' title="bbox 1277 709 2045 756; baseline 0 -12"><span class='ocrx_word' id='word_1_276' title='bbox 1277 720 1382 756; x_wconf 86' lang='lat' dir='ltr'>atque</span> <span class='ocrx_word' id='word_1_277' title='bbox 1408 711 1478 745; x_wconf 82' lang='lat' dir='ltr'>ait:</span> <span class='ocrx_word' id='word_1_278' title='bbox 1505 709 1661 746; x_wconf 70' lang='lat' dir='ltr'>Un’altra</span> <span class='ocrx_word' id='word_1_279' title='bbox 1686 714 1818 746; x_wconf 76' lang='lat' dir='ltr'>Moneta</span> <span class='ocrx_word' id='word_1_280' title='bbox 1842 713 1950 745; x_wconf 78' lang='lat' dir='ltr'>dicono</span> <span class='ocrx_word' id='word_1_281' title='bbox 1973 723 2045 744; x_wconf 84' lang='lat' dir='ltr'>con—</span> 
     </span>
    </p>
   </div>
   <div class='ocr_carea' id='block_1_16' title="bbox 1272 760 2045 804">
    <p class='ocr_par' dir='ltr' id='par_1_16' title="bbox 1272 760 2045 804">
     <span class='ocr_line' id='line_1_60' title="bbox 1272 760 2045 804; baseline 0.004 -11"><span class='ocrx_word' id='word_1_282' title='bbox 1272 760 1434 804; x_wconf 75' lang='lat' dir='ltr'>servarsi,</span> <span class='ocrx_word' id='word_1_283' title='bbox 1461 761 1512 795; x_wconf 75' lang='lat' dir='ltr'>che</span> <span class='ocrx_word' id='word_1_284' title='bbox 1537 761 1580 795; x_wconf 87' lang='lat' dir='ltr'>ba</span> <span class='ocrx_word' id='word_1_285' title='bbox 1608 762 1658 794; x_wconf 85' lang='lat' dir='ltr'>nel</span> <span class='ocrx_word' id='word_1_286' title='bbox 1684 762 1784 796; x_wconf 73' lang='lat' dir='ltr'>drino</span> <span class='ocrx_word' id='word_1_287' title='bbox 1814 763 1846 797; x_wconf 86' lang='lat' dir='ltr'>la</span> <span class='ocrx_word' id='word_1_288' title='bbox 1873 762 1985 796; x_wconf 73' lang='lat' dir='ltr'>lettera</span> <span class='ocrx_word' id='word_1_289' title='bbox 2014 763 2045 796; x_wconf 88' lang='lat' dir='ltr'><strong><em>B</em></strong></span> 
     </span>
    </p>
   </div>
   <div class='ocr_carea' id='block_1_17' title="bbox 1276 810 2060 2129">
    <p class='ocr_par' dir='ltr' id='par_1_17' title="bbox 1276 810 2058 1922">
     <span class='ocr_line' id='line_1_61' title="bbox 1279 810 2053 858; baseline 0.001 -12"><span class='ocrx_word' id='word_1_290' title='bbox 1279 810 1491 857; x_wconf 72' lang='lat' dir='ltr'>Longollara&#39;a</span> <span class='ocrx_word' id='word_1_291' title='bbox 1538 810 1739 858; x_wconf 66' lang='lat' dir='ltr'>fimIgliante</span> <span class='ocrx_word' id='word_1_292' title='bbox 1791 813 1826 848; x_wconf 78' lang='lat' dir='ltr'>al</span> <span class='ocrx_word' id='word_1_293' title='bbox 1877 813 2053 848; x_wconf 76' lang='lat' dir='ltr'><em>DELTA</em></span> 
     </span>
     <span class='ocr_line' id='line_1_62' title="bbox 1278 863 2047 908; baseline 0.001 -13"><span class='ocrx_word' id='word_1_294' title='bbox 1278 864 1454 902; x_wconf 66' lang='lat' dir='ltr'><em>GRECO,</em></span> <span class='ocrx_word' id='word_1_295' title='bbox 1484 875 1535 895; x_wconf 82' lang='lat' dir='ltr'>con</span> <span class='ocrx_word' id='word_1_296' title='bbox 1563 863 1623 896; x_wconf 80' lang='lat' dir='ltr'>due</span> <span class='ocrx_word' id='word_1_297' title='bbox 1659 863 1740 897; x_wconf 75' lang='lat' dir='ltr'>lime</span> <span class='ocrx_word' id='word_1_298' title='bbox 1766 864 1804 898; x_wconf 73' lang='lat' dir='ltr'>di</span> <span class='ocrx_word' id='word_1_299' title='bbox 1829 864 1968 908; x_wconf 78' lang='lat' dir='ltr'>traverso</span> <span class='ocrx_word' id='word_1_300' title='bbox 1994 873 2047 897; x_wconf 79' lang='lat' dir='ltr'>ta-</span> 
     </span>
     <span class='ocr_line' id='line_1_63' title="bbox 1276 911 2045 960; baseline 0 -14"><span class='ocrx_word' id='word_1_301' title='bbox 1276 914 1406 960; x_wconf 70' lang='lat' dir='ltr'>gliata,</span> <span class='ocrx_word' id='word_1_302' title='bbox 1434 911 1647 959; x_wconf 67' lang='lat' dir='ltr'>affegnandost&#39;</span> <span class='ocrx_word' id='word_1_303' title='bbox 1674 913 1776 959; x_wconf 75' lang='lat' dir='ltr'>questa</span> <span class='ocrx_word' id='word_1_304' title='bbox 1802 915 1976 958; x_wconf 70' lang='lat' dir='ltr'>parimente</span> <span class='ocrx_word' id='word_1_305' title='bbox 2001 916 2045 947; x_wconf 70' lang='lat' dir='ltr'>da</span> 
     </span>
     <span class='ocr_line' id='line_1_64' title="bbox 1280 964 2046 1009; baseline -0.001 -11"><span class='ocrx_word' id='word_1_306' title='bbox 1280 964 1329 998; x_wconf 82' lang='lat' dir='ltr'>chi</span> <span class='ocrx_word' id='word_1_307' title='bbox 1355 965 1388 998; x_wconf 88' lang='lat' dir='ltr'>la</span> <span class='ocrx_word' id='word_1_308' title='bbox 1415 965 1554 1005; x_wconf 70' lang='lat' dir='ltr'>delerive</span> <span class='ocrx_word' id='word_1_309' title='bbox 1578 964 1612 997; x_wconf 86' lang='lat' dir='ltr'>al</span> <span class='ocrx_word' id='word_1_310' title='bbox 1636 966 1725 999; x_wconf 83' lang='lat' dir='ltr'>Duca</span> <span class='ocrx_word' id='word_1_311' title='bbox 1752 965 1943 1009; x_wconf 64' lang='lat' dir='ltr'>Bonisazr&#39;o.</span> <span class='ocrx_word' id='word_1_312' title='bbox 1970 965 2046 998; x_wconf 81' lang='lat' dir='ltr'>Ha-</span> 
     </span>
     <span class='ocr_line' id='line_1_65' title="bbox 1281 1013 2045 1050; baseline -0.003 0"><span class='ocrx_word' id='word_1_313' title='bbox 1281 1015 1402 1050; x_wconf 85' lang='lat' dir='ltr'>bemus</span> <span class='ocrx_word' id='word_1_314' title='bbox 1439 1014 1516 1049; x_wconf 86' lang='lat' dir='ltr'>heic</span> <span class='ocrx_word' id='word_1_315' title='bbox 1549 1014 1581 1049; x_wconf 79' lang='lat'>8&lt;</span> <span class='ocrx_word' id='word_1_316' title='bbox 1622 1029 1683 1050; x_wconf 88' lang='lat' dir='ltr'>nos</span> <span class='ocrx_word' id='word_1_317' title='bbox 1719 1016 1856 1050; x_wconf 77' lang='lat' dir='ltr'>literam</span> <span class='ocrx_word' id='word_1_318' title='bbox 1897 1013 2045 1049; x_wconf 78' lang='lat' dir='ltr'>similem</span> 
     </span>
     <span class='ocr_line' id='line_1_66' title="bbox 1281 1064 2046 1114; baseline -0.003 -13"><span class='ocrx_word' id='word_1_319' title='bbox 1281 1068 1418 1101; x_wconf 87' lang='lat' dir='ltr'>Graeco</span> <span class='ocrx_word' id='word_1_320' title='bbox 1446 1067 1566 1109; x_wconf 74' lang='lat' dir='ltr'>Delta,</span> <span class='ocrx_word' id='word_1_321' title='bbox 1596 1066 1687 1101; x_wconf 61' lang='lat' dir='ltr'>linei</span> <span class='ocrx_word' id='word_1_322' title='bbox 1720 1079 1778 1114; x_wconf 84' lang='lat' dir='ltr'>per</span> <span class='ocrx_word' id='word_1_323' title='bbox 1814 1064 2046 1101; x_wconf 82' lang='lat' dir='ltr'>transversum</span> 
     </span>
     <span class='ocr_line' id='line_1_67' title="bbox 1283 1116 2046 1164; baseline -0.001 -13"><span class='ocrx_word' id='word_1_324' title='bbox 1283 1116 1407 1152; x_wconf 60' lang='lat' dir='ltr'>dum.</span> <span class='ocrx_word' id='word_1_325' title='bbox 1447 1117 1578 1152; x_wconf 75' lang='lat' dir='ltr'>Verum</span> <span class='ocrx_word' id='word_1_326' title='bbox 1618 1116 1885 1161; x_wconf 76' lang='lat' dir='ltr'>florentinius,</span> <span class='ocrx_word' id='word_1_327' title='bbox 1922 1125 2046 1164; x_wconf 78' lang='lat' dir='ltr'>utpote</span> 
     </span>
     <span class='ocr_line' id='line_1_68' title="bbox 1283 1166 2050 1215; baseline 0 -15"><span class='ocrx_word' id='word_1_328' title='bbox 1283 1167 1341 1201; x_wconf 86' lang='lat' dir='ltr'>vir</span> <span class='ocrx_word' id='word_1_329' title='bbox 1368 1168 1405 1201; x_wconf 89' lang='lat' dir='ltr'>in</span> <span class='ocrx_word' id='word_1_330' title='bbox 1434 1167 1621 1215; x_wconf 80' lang='lat' dir='ltr'>judicando</span> <span class='ocrx_word' id='word_1_331' title='bbox 1647 1168 1884 1210; x_wconf 66' lang='lat' dir='ltr'>cauriffimm,</span> <span class='ocrx_word' id='word_1_332' title='bbox 1910 1166 2050 1209; x_wconf 82' lang='lat' dir='ltr'>subdit,</span> 
     </span>
     <span class='ocr_line' id='line_1_69' title="bbox 1284 1216 2049 1267; baseline 0 -16"><span class='ocrx_word' id='word_1_333' title='bbox 1284 1216 1377 1252; x_wconf 83' lang='lat' dir='ltr'>nihil</span> <span class='ocrx_word' id='word_1_334' title='bbox 1415 1217 1534 1252; x_wconf 89' lang='lat' dir='ltr'>evinci</span> <span class='ocrx_word' id='word_1_335' title='bbox 1573 1220 1664 1267; x_wconf 73' lang='lat' dir='ltr'>pofi‘e</span> <span class='ocrx_word' id='word_1_336' title='bbox 1691 1233 1734 1254; x_wconf 76' lang='lat' dir='ltr'>ex</span> <span class='ocrx_word' id='word_1_337' title='bbox 1772 1221 1931 1254; x_wconf 88' lang='lat' dir='ltr'>Nummo</span> <span class='ocrx_word' id='word_1_338' title='bbox 1960 1217 2049 1256; x_wconf 79' lang='lat' dir='ltr'>illo,</span> 
     </span>
     <span class='ocr_line' id='line_1_70' title="bbox 1285 1267 2052 1317; baseline -0.001 -15"><span class='ocrx_word' id='word_1_339' title='bbox 1285 1267 1418 1314; x_wconf 77' lang='lat' dir='ltr'>sibique</span> <span class='ocrx_word' id='word_1_340' title='bbox 1456 1267 1574 1317; x_wconf 85' lang='lat' dir='ltr'>potius</span> <span class='ocrx_word' id='word_1_341' title='bbox 1612 1269 1747 1307; x_wconf 86' lang='lat' dir='ltr'>videri,</span> <span class='ocrx_word' id='word_1_342' title='bbox 1786 1268 1959 1316; x_wconf 87' lang='lat' dir='ltr'>pertinere</span> <span class='ocrx_word' id='word_1_343' title='bbox 1995 1268 2052 1314; x_wconf 86' lang='lat' dir='ltr'>ip-</span> 
     </span>
     <span class='ocr_line' id='line_1_71' title="bbox 1285 1317 2054 1364; baseline -0.004 -11"><span class='ocrx_word' id='word_1_344' title='bbox 1285 1318 1358 1353; x_wconf 86' lang='lat' dir='ltr'>sum</span> <span class='ocrx_word' id='word_1_345' title='bbox 1398 1319 1438 1353; x_wconf 86' lang='lat' dir='ltr'>ad</span> <span class='ocrx_word' id='word_1_346' title='bbox 1472 1321 1692 1358; x_wconf 70' lang='lat' dir='ltr'>Bernardum,</span> <span class='ocrx_word' id='word_1_347' title='bbox 1731 1328 1791 1354; x_wconf 81' lang='lat' dir='ltr'>aut</span> <span class='ocrx_word' id='word_1_348' title='bbox 1827 1317 2054 1364; x_wconf 79' lang='lat' dir='ltr'>Berengarium</span> 
     </span>
     <span class='ocr_line' id='line_1_72' title="bbox 1283 1369 2052 1418; baseline -0.004 -14"><span class='ocrx_word' id='word_1_349' title='bbox 1283 1369 1412 1405; x_wconf 54' lang='lat' dir='ltr'>‘ltaliae</span> <span class='ocrx_word' id='word_1_350' title='bbox 1443 1371 1573 1418; x_wconf 85' lang='lat' dir='ltr'>Reges.</span> <span class='ocrx_word' id='word_1_351' title='bbox 1610 1370 1716 1405; x_wconf 83' lang='lat' dir='ltr'>Addo</span> <span class='ocrx_word' id='word_1_352' title='bbox 1753 1383 1839 1418; x_wconf 81' lang='lat' dir='ltr'>ego,</span> <span class='ocrx_word' id='word_1_353' title='bbox 1868 1381 1910 1403; x_wconf 87' lang='lat' dir='ltr'>ne</span> <span class='ocrx_word' id='word_1_354' title='bbox 1938 1378 2052 1402; x_wconf 83' lang='lat' dir='ltr'>certos</span> 
     </span>
     <span class='ocr_line' id='line_1_73' title="bbox 1285 1419 2055 1468; baseline -0.004 -13"><span class='ocrx_word' id='word_1_355' title='bbox 1285 1421 1427 1468; x_wconf 88' lang='lat' dir='ltr'>quidem</span> <span class='ocrx_word' id='word_1_356' title='bbox 1458 1434 1520 1455; x_wconf 82' lang='lat' dir='ltr'>nos</span> <span class='ocrx_word' id='word_1_357' title='bbox 1546 1420 1634 1460; x_wconf 75' lang='lat' dir='ltr'>effe,</span> <span class='ocrx_word' id='word_1_358' title='bbox 1659 1433 1702 1454; x_wconf 87' lang='lat' dir='ltr'>an</span> <span class='ocrx_word' id='word_1_359' title='bbox 1731 1420 1831 1454; x_wconf 83' lang='lat' dir='ltr'>litera</span> <span class='ocrx_word' id='word_1_360' title='bbox 1859 1419 1921 1453; x_wconf 88' lang='lat' dir='ltr'>illa</span> <span class='ocrx_word' id='word_1_361' title='bbox 1944 1420 2055 1452; x_wconf 79' lang='lat' dir='ltr'>Grae-</span> 
     </span>
     <span class='ocr_line' id='line_1_74' title="bbox 1285 1468 2054 1507; baseline 0 -4"><span class='ocrx_word' id='word_1_362' title='bbox 1285 1484 1327 1504; x_wconf 89' lang='lat' dir='ltr'>co</span> <span class='ocrx_word' id='word_1_363' title='bbox 1355 1471 1459 1503; x_wconf 80' lang='lat' dir='ltr'>Delta</span> <span class='ocrx_word' id='word_1_364' title='bbox 1488 1469 1634 1507; x_wconf 55' lang='lat' dir='ltr'>fluvius,</span> <span class='ocrx_word' id='word_1_365' title='bbox 1657 1469 1803 1503; x_wconf 86' lang='lat' dir='ltr'>dicenda</span> <span class='ocrx_word' id='word_1_366' title='bbox 1829 1468 1869 1503; x_wconf 82' lang='lat' dir='ltr'>fit</span> <span class='ocrx_word' id='word_1_367' title='bbox 1898 1472 1940 1503; x_wconf 88' lang='lat' dir='ltr'>B.</span> <span class='ocrx_word' id='word_1_368' title='bbox 1967 1471 2054 1503; x_wconf 84' lang='lat' dir='ltr'>For-</span> 
     </span>
     <span class='ocr_line' id='line_1_75' title="bbox 1285 1517 2054 1555; baseline 0.001 -2"><span class='ocrx_word' id='word_1_369' title='bbox 1285 1517 1378 1553; x_wconf 83' lang='lat' dir='ltr'>taffis</span> <span class='ocrx_word' id='word_1_370' title='bbox 1420 1518 1527 1553; x_wconf 84' lang='lat' dir='ltr'>etiam</span> <span class='ocrx_word' id='word_1_371' title='bbox 1571 1521 1724 1554; x_wconf 82' lang='lat' dir='ltr'>Graecus</span> <span class='ocrx_word' id='word_1_372' title='bbox 1766 1519 1811 1555; x_wconf 85' lang='lat' dir='ltr'>est</span> <span class='ocrx_word' id='word_1_373' title='bbox 1850 1521 2054 1555; x_wconf 86' lang='lat' dir='ltr'>Nummus.</span> 
     </span>
     <span class='ocr_line' id='line_1_76' title="bbox 1285 1568 2055 1618; baseline -0.001 -13"><span class='ocrx_word' id='word_1_374' title='bbox 1285 1571 1411 1616; x_wconf 87' lang='lat' dir='ltr'>Neque</span> <span class='ocrx_word' id='word_1_375' title='bbox 1451 1571 1561 1617; x_wconf 82' lang='lat' dir='ltr'>Reges</span> <span class='ocrx_word' id='word_1_376' title='bbox 1599 1568 1747 1613; x_wconf 80' lang='lat' dir='ltr'>Italiae,</span> <span class='ocrx_word' id='word_1_377' title='bbox 1784 1578 1844 1606; x_wconf 85' lang='lat' dir='ltr'>aut</span> <span class='ocrx_word' id='word_1_378' title='bbox 1881 1569 2055 1618; x_wconf 79' lang='lat' dir='ltr'>Augusti,</span> 
     </span>
     <span class='ocr_line' id='line_1_77' title="bbox 1285 1619 2054 1668; baseline -0.001 -13"><span class='ocrx_word' id='word_1_379' title='bbox 1285 1631 1344 1655; x_wconf 83' lang='lat' dir='ltr'>aut</span> <span class='ocrx_word' id='word_1_380' title='bbox 1393 1620 1573 1668; x_wconf 84' lang='lat' dir='ltr'>Principes</span> <span class='ocrx_word' id='word_1_381' title='bbox 1592 1647 1602 1662; x_wconf 81' lang='lat'>‚</span> <span class='ocrx_word' id='word_1_382' title='bbox 1649 1620 1903 1656; x_wconf 76' lang='lat' dir='ltr'>consueverunt</span> <span class='ocrx_word' id='word_1_383' title='bbox 1950 1619 2054 1655; x_wconf 62' lang='lat' dir='ltr'>unicfl</span> 
     </span>
     <span class='ocr_line' id='line_1_78' title="bbox 1285 1669 2055 1720; baseline 0 -15"><span class='ocrx_word' id='word_1_384' title='bbox 1285 1671 1387 1706; x_wconf 66' lang='lat' dir='ltr'>literfz</span> <span class='ocrx_word' id='word_1_385' title='bbox 1410 1670 1504 1706; x_wconf 90' lang='lat' dir='ltr'>suum</span> <span class='ocrx_word' id='word_1_386' title='bbox 1533 1684 1661 1706; x_wconf 86' lang='lat' dir='ltr'>nomen</span> <span class='ocrx_word' id='word_1_387' title='bbox 1688 1670 1883 1720; x_wconf 73' lang='lat' dir='ltr'>exprimere</span> <span class='ocrx_word' id='word_1_388' title='bbox 1909 1669 1946 1705; x_wconf 90' lang='lat' dir='ltr'>in</span> <span class='ocrx_word' id='word_1_389' title='bbox 1975 1672 2055 1705; x_wconf 87' lang='lat' dir='ltr'>Nu·</span> 
     </span>
     <span class='ocr_line' id='line_1_79' title="bbox 1286 1720 2055 1768; baseline -0.001 -12"><span class='ocrx_word' id='word_1_390' title='bbox 1286 1720 1480 1757; x_wconf 78' lang='lat' dir='ltr'>mismatis.</span> <span class='ocrx_word' id='word_1_391' title='bbox 1503 1724 1622 1768; x_wconf 83' lang='lat' dir='ltr'>Quare</span> <span class='ocrx_word' id='word_1_392' title='bbox 1647 1722 1758 1758; x_wconf 84' lang='lat' dir='ltr'>adhuc</span> <span class='ocrx_word' id='word_1_393' title='bbox 1783 1723 1819 1758; x_wconf 83' lang='lat' dir='ltr'>in</span> <span class='ocrx_word' id='word_1_394' title='bbox 1847 1721 1951 1757; x_wconf 56' lang='lat' dir='ltr'>neele</span> <span class='ocrx_word' id='word_1_395' title='bbox 1976 1733 2055 1756; x_wconf 90' lang='lat' dir='ltr'>ver-</span> 
     </span>
     <span class='ocr_line' id='line_1_80' title="bbox 1286 1772 2054 1822; baseline -0.003 -14"><span class='ocrx_word' id='word_1_396' title='bbox 1286 1772 1418 1808; x_wconf 83' lang='lat' dir='ltr'>samur.</span> <span class='ocrx_word' id='word_1_397' title='bbox 1441 1774 1504 1808; x_wconf 77' lang='lat' dir='ltr'>Sed</span> <span class='ocrx_word' id='word_1_398' title='bbox 1531 1782 1722 1821; x_wconf 85' lang='lat' dir='ltr'>utcumque</span> <span class='ocrx_word' id='word_1_399' title='bbox 1749 1775 1841 1822; x_wconf 79' lang='lat' dir='ltr'>legas</span> <span class='ocrx_word' id='word_1_400' title='bbox 1867 1773 1903 1808; x_wconf 91' lang='lat' dir='ltr'>in</span> <span class='ocrx_word' id='word_1_401' title='bbox 1929 1774 2054 1807; x_wconf 84' lang='lat' dir='ltr'>Annu-</span> 
     </span>
     <span class='ocr_line' id='line_1_81' title="bbox 1286 1823 2053 1872; baseline -0.004 -13"><span class='ocrx_word' id='word_1_402' title='bbox 1286 1825 1323 1859; x_wconf 93' lang='lat' dir='ltr'>lo</span> <span class='ocrx_word' id='word_1_403' title='bbox 1349 1837 1367 1859; x_wconf 89' lang='lat' dir='ltr'>a</span> <span class='ocrx_word' id='word_1_404' title='bbox 1395 1836 1450 1859; x_wconf 89' lang='lat' dir='ltr'>me</span> <span class='ocrx_word' id='word_1_405' title='bbox 1479 1824 1676 1872; x_wconf 75' lang='lat' dir='ltr'>proposito,</span> <span class='ocrx_word' id='word_1_406' title='bbox 1702 1824 1794 1859; x_wconf 86' lang='lat' dir='ltr'>nihil</span> <span class='ocrx_word' id='word_1_407' title='bbox 1823 1823 1918 1859; x_wconf 87' lang='lat' dir='ltr'>aliud</span> <span class='ocrx_word' id='word_1_408' title='bbox 1947 1823 2053 1870; x_wconf 66' lang='lat' dir='ltr'>quhm</span> 
     </span>
     <span class='ocr_line' id='line_1_82' title="bbox 1287 1871 2058 1922; baseline -0.003 -12"><span class='ocrx_word' id='word_1_409' title='bbox 1287 1875 1505 1911; x_wconf 83' lang='lat' dir='ltr'>barbaricum</span> <span class='ocrx_word' id='word_1_410' title='bbox 1529 1889 1655 1911; x_wconf 89' lang='lat' dir='ltr'>nomen</span> <span class='ocrx_word' id='word_1_411' title='bbox 1677 1874 1759 1910; x_wconf 88' lang='lat' dir='ltr'>inde</span> <span class='ocrx_word' id='word_1_412' title='bbox 1776 1874 1915 1910; x_wconf 79' lang='lat' dir='ltr'>haurire</span> <span class='ocrx_word' id='word_1_413' title='bbox 1932 1871 2058 1922; x_wconf 80' lang='lat' dir='ltr'>postis.</span> 
     </span>
    </p>

    <p class='ocr_par' dir='ltr' id='par_1_18' title="bbox 1287 1922 2060 2129">
     <span class='ocr_line' id='line_1_83' title="bbox 1339 1922 2053 1974; baseline -0.004 -12"><span class='ocrx_word' id='word_1_414' title='bbox 1339 1927 1378 1961; x_wconf 92' lang='lat' dir='ltr'>In</span> <span class='ocrx_word' id='word_1_415' title='bbox 1407 1937 1557 1974; x_wconf 84' lang='lat' dir='ltr'>utroque</span> <span class='ocrx_word' id='word_1_416' title='bbox 1586 1936 1701 1962; x_wconf 82' lang='lat' dir='ltr'>autem</span> <span class='ocrx_word' id='word_1_417' title='bbox 1732 1926 1880 1961; x_wconf 84' lang='lat' dir='ltr'>Annulo</span> <span class='ocrx_word' id='word_1_418' title='bbox 1910 1937 1970 1973; x_wconf 86' lang='lat' dir='ltr'>par</span> <span class='ocrx_word' id='word_1_419' title='bbox 2003 1922 2053 1959; x_wconf 85' lang='lat' dir='ltr'>fe-</span> 
     </span>
     <span class='ocr_line' id='line_1_84' title="bbox 1287 1974 2056 2026; baseline -0.008 -12"><span class='ocrx_word' id='word_1_420' title='bbox 1287 1990 1323 2014; x_wconf 89' lang='lat' dir='ltr'>re</span> <span class='ocrx_word' id='word_1_421' title='bbox 1359 1978 1603 2022; x_wconf 83' lang='lat' dir='ltr'>capillamenti</span> <span class='ocrx_word' id='word_1_422' title='bbox 1642 1976 1773 2026; x_wconf 80' lang='lat' dir='ltr'>figura.</span> <span class='ocrx_word' id='word_1_423' title='bbox 1812 1979 1934 2025; x_wconf 90' lang='lat' dir='ltr'>Atque</span> <span class='ocrx_word' id='word_1_424' title='bbox 1972 1974 2056 2010; x_wconf 87' lang='lat' dir='ltr'>hinc</span> 
     </span>
     <span class='ocr_line' id='line_1_85' title="bbox 1289 2023 2057 2077; baseline -0.001 -14"><span class='ocrx_word' id='word_1_425' title='bbox 1289 2027 1505 2077; x_wconf 77' lang='lat' dir='ltr'>potissimum</span> <span class='ocrx_word' id='word_1_426' title='bbox 1545 2027 1753 2064; x_wconf 87' lang='lat' dir='ltr'>desumenda</span> <span class='ocrx_word' id='word_1_427' title='bbox 1792 2029 1854 2064; x_wconf 89' lang='lat' dir='ltr'>lux</span> <span class='ocrx_word' id='word_1_428' title='bbox 1883 2027 1987 2068; x_wconf 79' lang='lat' dir='ltr'>effer,</span> <span class='ocrx_word' id='word_1_429' title='bbox 2014 2023 2057 2059; x_wconf 76' lang='lat' dir='ltr'>ad</span> 
     </span>
     <span class='ocr_line' id='line_1_86' title="bbox 1288 2079 2060 2129; baseline -0.004 -16"><span class='ocrx_word' id='word_1_430' title='bbox 1288 2079 1574 2129; x_wconf 88' lang='lat' dir='ltr'>conjiciendum,</span> <span class='ocrx_word' id='word_1_431' title='bbox 1602 2079 1802 2122; x_wconf 79' lang='lat' dir='ltr'>Gothi-ne,</span> <span class='ocrx_word' id='word_1_432' title='bbox 1836 2091 1877 2113; x_wconf 85' lang='lat' dir='ltr'>an</span> <span class='ocrx_word' id='word_1_433' title='bbox 1917 2079 2060 2121; x_wconf 83' lang='lat' dir='ltr'>Lango-</span> 
     </span>
    </p>
   </div>
   <div class='ocr_carea' id='block_1_18' title="bbox 1264 2123 2056 2170">
    <p class='ocr_par' dir='ltr' id='par_1_19' title="bbox 1264 2123 2056 2170">
     <span class='ocr_line' id='line_1_87' title="bbox 1264 2123 2056 2170; baseline -0.009 -4"><span class='ocrx_word' id='word_1_434' title='bbox 1264 2130 1409 2170; x_wconf 82' lang='lat' dir='ltr'>&#39;bardi‚</span> <span class='ocrx_word' id='word_1_435' title='bbox 1438 2130 1506 2166; x_wconf 79' lang='lat' dir='ltr'>sive</span> <span class='ocrx_word' id='word_1_436' title='bbox 1535 2130 1659 2165; x_wconf 79' lang='lat' dir='ltr'>Franci</span> <span class='ocrx_word' id='word_1_437' title='bbox 1690 2130 1849 2162; x_wconf 89' lang='lat' dir='ltr'>homines</span> <span class='ocrx_word' id='word_1_438' title='bbox 1882 2126 1960 2160; x_wconf 81' lang='lat' dir='ltr'>heic</span> <span class='ocrx_word' id='word_1_439' title='bbox 1988 2123 2056 2160; x_wconf 78' lang='lat' dir='ltr'>lese</span> 
     </span>
    </p>
   </div>
   <div class='ocr_carea' id='block_1_19' title="bbox 1287 2178 2057 2367">
    <p class='ocr_par' dir='ltr' id='par_1_20' title="bbox 1287 2178 2057 2367">
     <span class='ocr_line' id='line_1_88' title="bbox 1288 2178 2057 2216; baseline -0.004 -1"><span class='ocrx_word' id='word_1_440' title='bbox 1288 2181 1390 2216; x_wconf 79' lang='lat' dir='ltr'>nobis</span> <span class='ocrx_word' id='word_1_441' title='bbox 1417 2181 1587 2214; x_wconf 80' lang='lat' dir='ltr'>offerant.</span> <span class='ocrx_word' id='word_1_442' title='bbox 1614 2179 1676 2213; x_wconf 82' lang='lat' dir='ltr'>Sed</span> <span class='ocrx_word' id='word_1_443' title='bbox 1707 2178 1839 2212; x_wconf 79' lang='lat' dir='ltr'>multae</span> <span class='ocrx_word' id='word_1_444' title='bbox 1864 2184 2057 2212; x_wconf 82' lang='lat' dir='ltr'>occurrunt</span> 
     </span>
     <span class='ocr_line' id='line_1_89' title="bbox 1289 2225 2055 2266; baseline -0.008 0"><span class='ocrx_word' id='word_1_445' title='bbox 1289 2229 1377 2266; x_wconf 88' lang='lat' dir='ltr'>mihi</span> <span class='ocrx_word' id='word_1_446' title='bbox 1400 2231 1581 2264; x_wconf 86' lang='lat' dir='ltr'>tenebrae.</span> <span class='ocrx_word' id='word_1_447' title='bbox 1600 2228 1818 2263; x_wconf 82' lang='lat' dir='ltr'>Claudianus</span> <span class='ocrx_word' id='word_1_448' title='bbox 1840 2225 1876 2261; x_wconf 88' lang='lat' dir='ltr'>in</span> <span class='ocrx_word' id='word_1_449' title='bbox 1894 2225 2055 2261; x_wconf 84' lang='lat' dir='ltr'>Carmin.</span> 
     </span>
     <span class='ocr_line' id='line_1_90' title="bbox 1288 2276 2054 2316; baseline -0.004 0"><span class='ocrx_word' id='word_1_450' title='bbox 1288 2282 1330 2316; x_wconf 88' lang='lat' dir='ltr'>de</span> <span class='ocrx_word' id='word_1_451' title='bbox 1358 2281 1459 2315; x_wconf 79' lang='lat' dir='ltr'>Bello</span> <span class='ocrx_word' id='word_1_452' title='bbox 1486 2279 1616 2314; x_wconf 86' lang='lat' dir='ltr'>Getico</span> <span class='ocrx_word' id='word_1_453' title='bbox 1642 2277 1782 2314; x_wconf 81' lang='lat' dir='ltr'>Gothos</span> <span class='ocrx_word' id='word_1_454' title='bbox 1820 2276 1970 2313; x_wconf 86' lang='lat' dir='ltr'>crinitos</span> <span class='ocrx_word' id='word_1_455' title='bbox 1998 2277 2054 2314; x_wconf 86' lang='lat' dir='ltr'>in-</span> 
     </span>
     <span class='ocr_line' id='line_1_91' title="bbox 1287 2329 1593 2367; baseline -0.007 0"><span class='ocrx_word' id='word_1_456' title='bbox 1287 2331 1402 2367; x_wconf 86' lang='lat' dir='ltr'>dicare</span> <span class='ocrx_word' id='word_1_457' title='bbox 1431 2329 1593 2365; x_wconf 82' lang='lat' dir='ltr'>videtur:</span> 
     </span>
    </p>
   </div>
   <div class='ocr_carea' id='block_1_20' title="bbox 1338 2431 2059 2570">
    <p class='ocr_par' dir='ltr' id='par_1_21' title="bbox 1338 2431 2059 2570">
     <span class='ocr_line' id='line_1_92' title="bbox 1338 2431 2058 2479; baseline -0.003 -13"><span class='ocrx_word' id='word_1_458' title='bbox 1338 2435 1366 2466; x_wconf 90' lang='lat' dir='ltr'>C</span> <span class='ocrx_word' id='word_1_459' title='bbox 1369 2431 1500 2479; x_wconf 74' lang='lat' dir='ltr'>rinigert&#39;</span> <span class='ocrx_word' id='word_1_460' title='bbox 1514 2431 1618 2477; x_wconf 74' lang='lat' dir='ltr'>sedere</span> <span class='ocrx_word' id='word_1_461' title='bbox 1631 2442 1737 2477; x_wconf 72' lang='lat' dir='ltr'>patres</span> <span class='ocrx_word' id='word_1_462' title='bbox 1748 2455 1759 2471; x_wconf 87' lang='lat'><strong><em>,</em></strong></span> <span class='ocrx_word' id='word_1_463' title='bbox 1777 2431 1893 2479; x_wconf 67' lang='lat' dir='ltr'>pellita</span> <span class='ocrx_word' id='word_1_464' title='bbox 1905 2434 2058 2467; x_wconf 78' lang='lat' dir='ltr'>Getarum</span> 
     </span>
     <span class='ocr_line' id='line_1_93' title="bbox 1339 2481 2059 2532; baseline -0.004 -13"><span class='ocrx_word' id='word_1_465' title='bbox 1339 2483 1440 2519; x_wconf 76' lang='lat' dir='ltr'>Curia</span> <span class='ocrx_word' id='word_1_466' title='bbox 1452 2511 1462 2529; x_wconf 88' lang='lat'>‚</span> <span class='ocrx_word' id='word_1_467' title='bbox 1490 2496 1563 2530; x_wconf 82' lang='lat' dir='ltr'>quos</span> <span class='ocrx_word' id='word_1_468' title='bbox 1592 2484 1702 2532; x_wconf 75' lang='lat' dir='ltr'>plagis</span> <span class='ocrx_word' id='word_1_469' title='bbox 1739 2486 1863 2519; x_wconf 72' lang='lat' dir='ltr'>decorat</span> <span class='ocrx_word' id='word_1_470' title='bbox 1899 2481 2059 2527; x_wconf 72' lang='lat' dir='ltr'>numerosa</span> 
     </span>
     <span class='ocr_line' id='line_1_94' title="bbox 1441 2540 2019 2570; baseline -0.009 0"><span class='ocrx_word' id='word_1_471' title='bbox 1441 2546 1592 2570; x_wconf 65' lang='lat' dir='ltr'>crentur.</span> <span class='ocrx_word' id='word_1_472' title='bbox 2016 2540 2019 2541; x_wconf 72' lang='grc'>’</span> 
     </span>
    </p>
   </div>
   <div class='ocr_carea' id='block_1_21' title="bbox 1878 2582 1998 2633">
    <p class='ocr_par' dir='ltr' id='par_1_22' title="bbox 1878 2582 1998 2633">
     <span class='ocr_line' id='line_1_95' title="bbox 1878 2582 1998 2633; baseline -0.017 -13"><span class='ocrx_word' id='word_1_473' title='bbox 1878 2582 1998 2633; x_wconf 79' lang='lat' dir='ltr'>Apol-</span> 
     </span>
    </p>
   </div>
  </div>
 </body>
</html>
