2232 3089
297 218 383 259 943

243 263 341 297 vallo
368 268 512 300 ornato,
540 257 675 307 speroni
703 258 744 294 de
765 272 871 299 auro,
898 259 1000 297 fami-

240 313 313 361 glia
352 311 479 347 vestuta
514 323 626 346 nova.
665 308 753 345 Cos&
791 311 921 346 adorno
959 325 1000 347 ne

240 372 368 398 tornao
394 376 413 398 a
440 360 717 397 Montefiascone
748 360 891 397 denanti
919 376 936 396 a
964 364 1000 397 10

241 415 402 462 Legato.
430 414 582 447 Menava
612 425 652 458 pe
680 412 887 460 compagnia
910 412 997 448 Mis-

241 463 315 499 sore

239 513 281 549 de
311 516 453 552 Narba,
492 513 665 552 fradelli,
695 526 758 548 con
790 513 952 561 fameglia
982 528 999 550 e

238 564 340 599 cose.
377 566 530 609 Quanno
567 563 603 599 fb
639 564 780 599 denanti
811 578 828 599 a
857 566 892 599 lo
929 566 997 600 Le-

239 624 322 663 gato
351 614 468 650 faceva
495 613 576 649 dell’
594 614 745 650 aitiero.
788 614 999 651 Mustravase

239 665 377 713 gruoffo
413 678 477 701 eon
517 664 562 700 fio
594 665 783 714 cappuccio
824 665 860 701 in
890 679 998 701 canna

239 717 282 750 de
311 715 473 751 scarlatto
491 744 500 759 ,
539 729 604 751 con
632 730 738 764 cappa
766 717 807 751 de
835 717 998 752 scarlarto

241 765 365 800 ferrati
393 766 434 801 de
463 780 570 813 panze
600 766 641 802 de
669 767 768 802 vari.
807 769 910 802 Stava
947 767 996 803 su-

240 827 367 863 pervo.
395 814 639 860 Capezziava.
667 815 821 850 Menava
850 819 886 851 lo
914 829 999 864 capo

237 864 336 899 nanti
365 877 383 898 e
411 873 508 905 reto,
547 876 649 898 como
677 864 820 898 diceffe:
861 866 924 899 Chi
956 866 999 909 [α’

236 915 294 950 io?
324 916 354 948 Io
379 914 428 948 cbi
459 913 539 958 so’?
579 914 665 949 Puoi
693 913 869 950 rizzavase
898 928 939 950 ne
967 917 999 951 le

236 974 344 1013 ponte
371 964 412 998 de
440 964 465 998 li
496 964 609 1009 piedi.
647 966 757 1000 Mone
797 965 828 1000 se
856 965 998 1006 aizava,

237 1027 343 1050 mone
381 1013 412 1049 se
441 1015 639 1050 abbaffava.
675 1015 925 1063 Maravigliase
963 1018 998 1053 10

239 1067 398 1114 Legato,
439 1077 457 1099 e
498 1065 563 1100 deo
599 1064 768 1111 aiquanto
801 1067 875 1102 fede
911 1082 928 1103 a
965 1069 997 1104 le

240 1117 297 1152 soe
327 1117 508 1164 para-mle.
538 1117 625 1151 Pure
653 1130 722 1152 non
751 1116 775 1151 li
806 1118 871 1153 deo
898 1120 997 1155 nullo

238 1166 386 1203 denaro.
414 1168 563 1202 Allhora
593 1169 710 1215 parlao
737 1167 856 1208 Cola‚
884 1182 901 1204 e
929 1169 995 1205 dis-

238 1218 298 1254 se:
328 1221 467 1265 Legato,
493 1218 606 1260 famme
632 1222 780 1253 senatore
806 1223 844 1253 de
870 1224 996 1255 Roma.

239 1271 273 1304 Io
300 1282 380 1308 vao,
407 1282 423 1302 e
447 1279 554 1313 parate
590 1270 623 1303 la
649 1270 731 1304 via.
769 1271 824 1306 Lo
862 1272 997 1319 Legato

239 1320 275 1355 10
312 1318 383 1354 fece
421 1322 606 1364 Senatore‚
643 1333 662 1355 e
700 1323 887 1356 mannaolo
916 1322 996 1357 via.

237 1373 273 1406 A
303 1380 421 1418 potere
459 1371 575 1406 benite
602 1384 620 1406 a
650 1373 783 1413 Roma,
822 1372 989 1417 bisognia—

235 1433 279 1455 va
310 1422 428 1468 jente.
458 1423 510 1456 De
541 1422 699 1457 noviello
737 1423 880 1458 Miffore
916 1425 987 1458 Ma-

233 1470 352 1506 latesta
381 1471 423 1505 de
453 1473 621 1508 Arimino
657 1473 765 1508 havea
805 1474 930 1509 cassato
968 1475 993 1510 li

234 1520 354 1557 sollati
384 1521 433 1556 soi
462 1524 502 1557 da
541 1523 645 1559 sedici
685 1524 869 1562 banniere,
908 1526 997 1560 bona

234 1571 355 1621 jente.
398 1572 575 1609 Docienro
612 1570 801 1621 cinquanta
841 1578 997 1611 Varvute

235 1623 472 1658 demoravano
500 1624 535 1659 in
568 1626 750 1664 Peroicia,
791 1639 831 1674 pe
858 1635 997 1662 trovare

234 1673 371 1709 suollo.
403 1677 445 1708 Pe
468 1674 580 1721 quessa
611 1676 702 1721 jenre
724 1675 870 1718 havere,
899 1690 977 1712 man

234 1737 303 1760 nao
329 1722 423 1759 Cola
450 1725 491 1760 de
521 1725 654 1761 Rienzo
680 1726 725 1761 fio
754 1727 842 1761 meff
860 1727 912 1775 js).
943 1731 997 1764 Lo

234 1775 376 1823 meffajo
417 1784 540 1811 trovao
582 1776 608 1811 li
646 1775 898 1813 Connestaaeoli
931 1807 940 1822 ‚
978 1793 996 1814 e

234 1825 319 1861 diffe
355 1825 512 1862 cofinto:
554 1830 706 1861 Prennete
736 1829 836 1870 suollo
869 1840 908 1874 pe
944 1831 996 1863 dot*

233 1876 330 1917 mest.
358 1881 508 1922 Recepete
540 1889 579 1924 pe
605 1889 665 1910 uno
690 1877 724 1911 la
756 1887 852 1924 paca.
883 1882 987 1914 Have-

232 1937 295 1962 oete
316 1928 417 1971 Juollo
443 1930 647 1974 imperpetuo.
674 1930 879 1963 Connucerete
908 1931 988 1974 Mis-

226 1979 295 2024 [ονε
320 1979 404 2015 Cola
430 1985 468 2014 de
495 1980 621 2024 Rienzo
646 1993 667 2012 a
695 1982 797 2014 Roma
814 2007 821 2021 ,
859 1983 982 2015 senato·

230 2041 263 2062 re
288 2040 326 2073 pe
351 2030 381 2062 lo
409 2033 518 2072 Papa.
554 2030 587 2064 A
624 2030 737 2076 queffe
773 2032 935 2077 paravole
963 2031 989 2067 li

231 2078 483 2115 Connestavoli
512 2079 612 2114 fuoro
639 2081 676 2114 in
706 2081 909 2129 conziglio.
937 2084 989 2119 La

230 2128 402 2165 sententia
429 2130 471 2164 de
507 2129 535 2165 li
571 2129 747 2167 Todeschi
784 2130 819 2167 fb
849 2132 890 2167 de
917 2146 986 2167 non

231 2179 330 2227 gire.
359 2180 603 2216 Affennavano
639 2191 692 2216 tre
728 2180 902 2218 cascioni.
938 2185 989 2218 La

232 2229 364 2276 prima:
395 2231 535 2265 Romani
560 2237 623 2274 foco
648 2233 735 2267 mala
767 2232 878 2276 iente,
907 2232 988 2280 (59)

227 2278 391 2324 super-va,
428 2294 592 2328 arrogante
612 2309 621 2318 .
658 2285 732 2317 Non
768 2283 841 2317 haco
870 2283 905 2327 se
940 2283 989 2316 no'

229 2329 360 2376 parole.
386 2333 437 2367 La
465 2331 636 2368 secunna:
667 2332 778 2378 Queffia
804 2347 857 2367 ene
883 2334 989 2368 buomo

230 2380 419 2427 puopolaw,
451 2393 584 2428 ρουενο,
620 2388 659 2417 de
695 2385 760 2417 vile
787 2384 987 2419 counitione.

233 2432 307 2465 Non
343 2431 478 2465 haverao
510 2436 554 2467 da
587 2445 721 2481 pacare.
760 2437 867 2468 Doncae
893 2449 913 2469 a
939 2435 987 2469 chi

227 2480 398 2527 ferveremo
423 2486 510 2518 noa?
535 2485 588 2520 La
615 2493 729 2520 tesza:
768 2485 812 2519 Li
846 2485 987 2520 Potienti

891 2538 929 2568 de

631 197 1478 337 FRAGlllglENsz

352 465 517 498 Bettrone
553 475 570 498 e
607 462 751 498 Miffore
788 463 999 498 Arimbaldo
1038 490 1041 493 Α

1019 1615 1022 1646 ’
1034 1628 1067 1662 0

1720 222 1808 263 944

1107 262 1183 295 dum
1208 259 1369 296 exhibuit.
1397 261 1552 297 Accintffo
1587 263 1629 297 ad
1662 264 1745 299 latus
1771 266 1866 312 ense.

1108 324 1182 358 equo
1207 312 1392 359 phalerato,
1428 312 1549 347 auratis
1585 314 1779 355 calcaribus,
1810 317 1866 360 Ja—

1108 362 1258 408 mulisque
1283 362 1366 404 vesle
1393 376 1476 396 nova
1502 361 1690 408 εκονηιυίε,Δ
1709 366 1807 412 iisque
1833 380 1865 400 e-

1106 412 1286 459 legantibus
1315 414 1505 448 indumentis
1526 415 1676 458 vestitus,
1705 419 1748 450 ad
1768 418 1867 450 Mon-

1106 474 1167 496 tem
1194 463 1371 507 Phaliscum
1399 464 1432 497 in
1460 465 1649 511 conspolium
1677 468 1792 513 Legati
1819 480 1866 500 re-

1102 511 1247 560 greffus,
1282 514 1375 558 socios
1413 515 1514 559 secum
1551 516 1721 550 Dominum
1759 518 1869 552 Brito-

1107 578 1196 608 nem,
1222 566 1264 597 (9⁸
1286 565 1455 599 Dominum
1475 567 1701 600 Arimbaldum
1721 569 1760 601 de
1778 571 1868 602 Nar-

1106 613 1185 648 bona
1209 614 1346 658 sratres‚
1373 629 1440 650 cum
1464 630 1565 650 eorum
1586 617 1721 661 famulis
1749 619 1791 652 &¹
1818 632 1867 652 re-

1107 664 1184 708 bus,
1211 667 1376 711 perduxit.
1409 669 1450 701 Ut
1484 680 1582 702 coram
1611 672 1728 715 Legata
1755 669 1867 712 eonsti-

1042 721 1077 758 B,
1107 716 1175 759 tit,
1204 717 1331 763 turgide
1357 727 1423 750 tum
1450 717 1575 752 aHilms
1602 729 1666 753 tum
1695 730 1811 766 corpore
1833 720 1868 764 se

1105 766 1240 801 hahebat
1256 793 1265 801 .
1303 770 1366 802 Ad
1403 768 1513 802 colssum
1540 770 1712 804 cucullatus
1739 770 1868 805 coccineo

1104 827 1235 862 panno,
1264 818 1305 851 (J
1330 819 1499 864 penulafus
1527 830 1680 864 purpureo
1707 835 1773 855 cum
1802 823 1868 855 Va-

1106 868 1162 900 riis
1188 868 1344 910 pellibus,
1369 869 1519 915 superbus
1546 885 1580 905 ac
1608 871 1716 905 minax
1741 873 1838 906 vultu
1855 898 1866 916 ‚

1105 927 1197 962 caput
1225 929 1298 952 ante
1324 918 1370 956 όν
1399 930 1477 953 retro
1503 921 1649 966 agitabat
1665 947 1674 961 ‚
1702 936 1738 956 ac
1758 922 1789 964 fi
1815 923 1869 956 di-

1105 977 1211 1000 ceret:
1238 968 1329 1012 Quis
1366 968 1437 1004 sum
1479 970 1569 1018 ego?
1608 973 1727 1018 ecquis
1765 972 1866 1008 sum'?

1105 1016 1213 1059 Postea
1247 1018 1381 1063 pedibus
1417 1022 1525 1055 em‘lts
1562 1024 1744 1069 quandoque
1780 1024 1812 1066 se
1836 1023 1869 1068 se

1104 1068 1293 1108 attollebat,
1315 1072 1496 1117 quandoque
1517 1071 1778 1115 submittebatur.
1806 1078 1868 1109 Le-

1103 1128 1198 1165 gatus
1223 1120 1430 1166 obstupescens
1447 1148 1457 1163 ‚
1486 1124 1613 1156 Nicolai
1639 1123 1744 1158 verbis
1765 1123 1867 1170 fidem

1030 1172 1063 1209 C
1104 1170 1299 1216 aliquomodo
1333 1172 1487 1206 addidit.
1532 1174 1666 1208 Nullam
1705 1177 1868 1219 pecuniam

1105 1230 1208 1254 tamen
1235 1221 1264 1254 ei
1290 1223 1478 1258 contribuit.
1514 1227 1604 1258 Tunc
1639 1228 1675 1259 N
1689 1227 1786 1260 colaus
1815 1227 1867 1261 al-

1103 1270 1228 1316 loquens
1249 1271 1357 1305 dixit:
1384 1275 1538 1322 Legare‚
1567 1277 1765 1311 senatorem
1797 1279 1868 1312 Ro-

1107 1333 1182 1355 mae
1210 1320 1378 1357 constitue
1407 1336 1462 1358 me
1489 1324 1600 1371 ipsum
1619 1353 1627 1361 .
1659 1329 1806 1363 Romam
1836 1328 1867 1363 i-

1106 1371 1172 1410 bo,
1208 1369 1246 1406 &
1283 1372 1377 1407 viam
1415 1374 1483 1409 tibi
1521 1375 1687 1413 sternam.
1726 1381 1865 1426 Legatus

1105 1423 1271 1456 Senatoria
1297 1423 1459 1469 dignitate
1494 1438 1561 1459 eum
1598 1427 1795 1474 insignivit,
1832 1443 1869 1465 ac

1105 1472 1244 1513 dimisit.
1274 1477 1315 1508 Ut
1342 1476 1491 1510 Nnolaus
1517 1478 1561 1510 ad
1588 1479 1696 1511 Urbem
1721 1481 1869 1526 progredi

1103 1522 1222 1569 peffet‚
1265 1525 1421 1560 militibus
1462 1538 1536 1571 opus
1577 1539 1667 1563 erat.
1713 1530 1867 1564 Dominus

1107 1574 1282 1616 Malatesta
1308 1577 1347 1609 de
1372 1577 1526 1611 Arimino
1556 1579 1707 1622 sexdecim
1743 1581 1868 1615 vexilla

1105 1636 1316 1668 armatorum,
1336 1627 1474 1661 virorum
1489 1628 1641 1673 fortium,
1670 1628 1758 1675 miffa
1784 1641 1867 1675 pau-

1107 1676 1136 1708 lo
1170 1685 1243 1709 ante
1272 1676 1412 1719 fecerat.
1458 1680 1593 1713 Ducenti
1632 1680 1866 1728 quinquaginta

1103 1726 1227 1771 galeati
1262 1727 1378 1760 milites
1417 1729 1535 1767 Perulfi
1570 1733 1791 1771 morabantur,
1827 1748 1866 1767 a·

1107 1777 1190 1810 liena
1229 1789 1405 1823 quaerentes
1441 1779 1622 1824 stipendia.
1663 1785 1705 1816 Ut
1740 1782 1792 1816 bos
1830 1784 1864 1817 in

1102 1827 1170 1871 Juos
1205 1826 1298 1873 pofflt
1325 1829 1470 1863 Nicotaus
1501 1831 1681 1876 adsciscere,
1719 1833 1865 1867 nuntium

1108 1873 1187 1921 ipsisv
1209 1880 1250 1911 mi
1265 1890 1311 1913 n.
1339 1876 1480 1913 Nuntius
1507 1881 1764 1923 Comestabilibus
1791 1885 1864 1919 baec

1106 1929 1182 1962 ait:
1208 1928 1389 1976 Stipendia
1426 1931 1571 1966 duorum
1612 1932 1775 1969 mensium
1805 1948 1865 1969 ac-

1107 1989 1261 2026 ceptare.
1305 1981 1418 2016 Unius
1456 1981 1578 2017 menfis
1615 1996 1668 2018 aes
1707 1981 1864 2021 militare

1105 2029 1256 2066 solutum
1278 2031 1446 2078 recipite.
1470 2033 1640 2078 Perpetuo
1660 2034 1784 2070 deinde
1806 2035 1864 2071 sti-

1034 2081 1061 2114 E
1105 2080 1233 2128 pendio
1261 2081 1532 2118 conducemini.
1572 2084 1764 2120 Dominum
1795 2086 1865 2122 Ni-

1104 2132 1240 2165 colaum
1265 2131 1449 2167 Laurentii
1468 2134 1667 2169 senatorem
1691 2149 1753 2182 pro
1772 2138 1864 2171 Pon-

1103 2180 1199 2215 tifice
1227 2183 1373 2216 Romam
1403 2181 1572 2218 sociantes
1593 2183 1747 2220 ducetis.⁴
1775 2187 1864 2232 Qui-

1103 2232 1158 2265 bus
1185 2232 1306 2264 auditis
1333 2232 1550 2273 Comeslabiles
1585 2234 1744 2275 confilium
1780 2236 1861 2271 inie-

1101 2292 1193 2315 runt.
1224 2282 1430 2326 Theutom'ci,
1473 2298 1510 2317 ne
1537 2284 1659 2328 iretur,
1696 2287 1859 2330 censuere,

1100 2331 1220 2376 triplici
1246 2333 1366 2367 ratione
1390 2334 1544 2379 permoti.
1573 2336 1679 2369 Primo
1704 2336 1859 2379 ajehant:

1101 2381 1184 2417 mali
1223 2382 1331 2419 moris
1367 2382 1526 2420 homines
1564 2385 1641 2421 sunt
1679 2388 1860 2431 Romani,

1101 2432 1269 2481 superbi,
1309 2435 1342 2469 ἃ
1385 2446 1608 2483 arrogantes.
1653 2437 1693 2470 In
1732 2437 1860 2478 nullo,

1100 2493 1340 2531 praeterquam
1369 2487 1507 2531 verbis,
1544 2486 1704 2534 pollent.
1742 2489 1861 2521 secu„-

1184 2536 1217 2568 O
1244 2548 1266 2570 0
1292 2548 1315 2572 0
1369 2548 1390 2571 2
1746 2539 1810 2572 do.-

311 2590 381 2631 (59)
398 2590 538 2632 supervi,
559 2593 727 2633 arroganti:
750 2604 806 2625 non
826 2592 895 2626 hace
913 2601 1000 2634 paro.
1024 2593 1069 2625 La
1090 2592 1220 2625 secunna
