2232 3089
266 197 287 235 8
302 207 318 246 5
532 188 904 233 DJSSJJRTATJO
936 185 1244 231 TRAGESJMA
1253 185 1504 242 ‚QUARM
1516 216 1527 228 .
1738 193 1760 230 8
1771 197 1793 232 5

206 265 222 287 e
249 262 456 298 pergamena
482 248 653 298 pendens:
681 260 784 295 quem
813 246 910 283 usum
933 259 967 282 a·
1012 250 1039 284 A
1089 244 1277 280 sertatione
1297 245 1361 279 111.
1377 249 1415 277 de
1431 248 1567 279 Roman.
1585 246 1762 288 Imperator.
1782 250 1853 295 jam

205 302 443 337 nimadvertas
470 300 602 346 velim;
627 312 738 346 neque
758 298 852 334 enim
881 297 967 333 sem—

207 366 267 401 per
287 365 382 388 cerea
403 351 526 400 Sigilla
547 348 705 385 adhibita
732 348 811 385 sunt
833 348 868 384 in
894 351 966 387 Au-

207 403 382 452 gustorum
407 404 441 437 &
469 404 600 450 Regum
631 400 867 448 Diplomatis.
895 403 966 437 Ha-

208 455 264 489 bes
298 451 511 502 Diplomatis
549 451 651 499 hujus
681 451 854 500 specimen
892 465 967 489 aere

207 504 357 540 incisum
387 505 506 539 Tomo
535 504 579 537 ΙΙ.
612 505 690 538 Rer.
727 503 880 539 Italicar.
908 517 967 540 cu-

208 556 243 591 ra
269 554 400 589 nobilis
425 552 463 589 &
488 552 680 589 d0&iffimi
704 552 865 590 Comitis
894 557 968 590 Do-

204 605 279 640 nati
300 606 418 640 Silvae
439 604 734 650 Mediolanenfis‚
755 606 816 653 qui
838 606 871 640 8<
896 606 968 654 ipse

207 655 278 701 post
306 668 361 691 me
396 655 432 690 in
470 656 560 691 illud
597 656 767 692 incurrit.
804 656 966 692 Chrono-

206 705 339 754 logicas
370 708 603 743 Notaswnunc
633 707 901 753 perpendamus.
935 710 967 742 1-

204 756 240 792 bi
264 757 400 791 Indi2slio
423 758 530 790 VIIII.
555 755 784 804 conjungitur
805 769 884 792 cum
910 757 967 794 die

205 809 241 842 V.
271 807 437 841 Kalendas
464 806 634 853 Augusti,
670 807 704 841 ὃ(
733 810 834 842 Anno
861 809 969 844 Primo

201 857 333 904 Imperii
359 856 558 898 Guidonis‚
586 858 619 892 &
644 861 746 893 Anno
771 860 967 895 Incarnatt’o-

203 908 252 942 nis
283 908 414 943 Domini
445 911 667 944 DCCCXCII.
705 909 819 956 Atqui
849 910 886 945 in
914 924 966 946 re-

202 957 311 1006 liquis
342 958 465 995 ltaliae
499 958 588 995 locis
615 973 657 995 eo
688 962 794 995 Anno
823 961 859 996 in
889 975 965 997 cur-

201 1008 238 1045 su
266 1020 340 1045 erat
369 1010 505 1045 IndieJio
533 1014 572 1045 Χ.
611 1010 707 1056 Quid
741 1010 818 1047 heic
847 1011 966 1048 dicen-

202 1059 315 1095 dum?
357 1062 430 1096 Aut
460 1061 549 1097 alius
577 1075 594 1096 a
627 1062 740 1098 nostro
772 1065 897 1099 Annus
928 1077 967 1100 u-

202 1110 359 1155 surpatus
387 1111 479 1156 fuit,
509 1122 569 1148 aut
597 1113 666 1149 alia
694 1126 712 1150 a
742 1115 879 1162 vulgari
910 1117 968 1150 In-

202 1160 359 1197 <haione
388 1163 512 1211 (quod
541 1173 657 1200 tamen
687 1164 769 1213 quei
800 1164 874 1200 fieri
906 1179 969 1210 po·
1004 1172 1036 1207 C

201 1214 336 1256 tuerit,
368 1227 436 1248 non
466 1214 647 1260 assequor)
678 1216 715 1250 in
744 1215 811 1249 hoc
841 1215 968 1262 Diplo-

204 1273 297 1297 mate
320 1264 493 1299 occurrit.
524 1264 666 1310 Utique
692 1263 832 1300 fuerunt
857 1266 969 1306 olim,

205 1314 237 1347 &
269 1312 346 1347 sunt
384 1314 494 1348 adhuc
531 1314 568 1349 in
600 1313 703 1350 Italia
745 1316 893 1360 Populi,
931 1330 970 1352 ac

205 1362 387 1411 praecipue
410 1363 609 1399 Florentii—‚i
624 1392 633 1407 ,
654 1365 714 1411 qui
738 1365 844 1401 serius
865 1368 969 1410 quarn

204 1425 268 1447 nos
291 1414 435 1446 Annum
460 1426 592 1446 novum
615 1427 633 1446 a
655 1416 712 1448 die
736 1418 848 1450 XXV.
872 1417 968 1452 Mar-

205 1462 249 1498 tii
282 1462 426 1505 ineunt,
465 1474 504 1497 ac
542 1470 723 1507 propterea
754 1465 899 1497 Annum
929 1466 971 1498 ab

206 1515 424 1549 lncarnatione
465 1513 668 1561 appellant:
713 1513 807 1560 quod
853 1512 970 1549 sedulo

207 1563 482 1611 perspiciendum
503 1592 511 1604 ,
550 1573 673 1610 utpote
712 1563 885 1599 indicium
916 1565 966 1600 di-

205 1613 381 1649 scriminis
412 1628 479 1649 non
510 1614 598 1649 levis
627 1615 670 1650 ab
698 1615 807 1650 altera
836 1614 969 1652 formu·
1005 1624 1038 1657 D

204 1665 260 1705 Ia,
289 1664 409 1700 nostris
435 1666 653 1713 temporibus
680 1665 750 1702 fere
776 1666 905 1713 ubique
931 1681 964 1704 u-

203 1714 327 1758 itata,
369 1714 505 1751 scilicet
533 1733 552 1751 a
580 1717 794 1760 Nati-vitate,
835 1717 902 1754 slve
931 1730 969 1755 ut

204 1765 332 1802 reffiius
362 1767 547 1815 Regienses
579 1770 613 1802 ὃ(
645 1768 707 1804 alii
738 1768 919 1810 scribunt.
951 1787 970 1806 a

205 1818 465 1862 Circumcisione,
505 1819 570 1854 hoc
598 1819 641 1855 est
670 1833 688 1855 a
715 1821 885 1856 Kalendis
912 1823 966 1865 Ja—

205 1869 341 1904 nuarii.
376 1870 566 1915 Aliquibus
594 1880 734 1910 autem,
758 1873 790 1906 8<
821 1877 969 1919 praeler-

206 1917 271 1954 tim
315 1920 448 1956 Pisans
487 1935 598 1957 novus
632 1924 756 1957 Annus
794 1925 834 1957 ab
865 1925 966 1958 Incar-

206 1971 333 2004 natione
361 1985 487 2007 novem
528 1972 698 2009 mensibus
729 1975 971 2010 antevertebat

204 2021 384 2068 vulgarem
417 2025 561 2058 Annum
601 2024 752 2060 nostrum
783 2040 802 2059 a
831 2026 968 2059 Nativi-
993 2062 994 2070 ἵ

205 2080 294 2106 tate.
335 2075 490 2108 Fuerunt
527 2074 657 2114 etiarn,
693 2088 732 2110 ac
770 2075 969 2122 praesertim
1004 2087 1033 2120 Ε

203 2122 305 2170 apud'
323 2135 455 2158 veteres
484 2126 700 2169 Germanos,
733 2127 794 2173 qui
829 2130 969 2162 Annum

202 2185 321 2208 revera
363 2188 381 2208 a
421 2174 477 2209 die
515 2177 626 2210 XXV.
667 2177 869 2212 Decembris
909 2192 972 2214 nu-

205 2235 336 2260 merare
366 2225 607 2272 incipiebant.
646 2224 760 2275 Igitur
788 2227 972 2276 agnoscere

207 2287 291 2322 opus
329 2275 401 2316 est,
435 2278 581 2312 Annum
619 2276 657 2313 in
686 2278 866 2313 Ticinenfi
907 2280 968 2315 Di-

208 2326 361 2371 plomate
399 2341 417 2363 a
445 2328 609 2364 Guidone
641 2329 794 2378 Augusto
833 2330 971 2366 adhibi-

209 2381 284 2409 tum
302 2403 313 2417 ,
350 2379 382 2413 ἃ
411 2381 452 2413 ab
480 2381 697 2414 Incarnatione
725 2391 970 2425 numeratum,

212 2436 430 2471 nequaquam
481 2430 545 2465 effe
592 2431 773 2479 vulgarem
820 2433 969 2468 nostrum

211 2477 435 2512 DCCCXCH.
453 2479 506 2515 sed
527 2480 668 2529 quidem
685 2485 892 2519 DCCCXCI.
910 2483 967 2520 cui

209 2537 329 2564 revera
359 2529 526 2566 convenit
551 2531 691 2569 [namin
717 2536 777 2570 IX.
812 2536 855 2570 In
887 2534 967 2572 Dis-

1087 295 1242 339 ostendi,
1267 294 1468 330 Guidonem
1498 297 1738 331 renuntiatum
1767 297 1853 333 fuis-

1088 346 1119 382 se
1168 346 1361 395 Augustum
1385 370 1396 386 ‚
1437 359 1477 381 ac
1516 347 1674 381 Romana
1709 348 1852 383 Corona

1085 397 1252 433 donatum
1291 406 1372 433 ante
1401 398 1577 433 Kalendas
1605 396 1721 444 Majas
1751 400 1852 435 Anni

1087 450 1320 484 DCCCXCI.
1358 450 1452 497 Ergo
1482 450 1515 484 ἃ
1554 449 1632 484 heic
1662 450 1724 484 ille
1755 450 1851 486 idem

1084 501 1210 536 Annus
1247 499 1467 549 designatur,
1506 500 1601 548 cujus
1635 500 1759 536 Mense
1788 503 1849 544 Ju-

1082 550 1134 586 lio
1162 552 1409 587 numerabatur
1440 551 1551 587 adhuc
1574 556 1697 587 Annus
1720 554 1850 586 Primus

1082 603 1230 649 Imperii,
1256 602 1309 638 uti
1335 601 1372 639 &
1395 602 1534 638 Indic‘Jio
1554 604 1612 638 IX.
1640 604 1746 646 Juvat
1768 601 1848 638 heic

1081 653 1167 688 alias
1195 653 1351 688 indicare
1376 653 1546 692 Charra,
1572 667 1590 688 e
1619 653 1745 699 quibus
1774 666 1848 688 cer-

1081 703 1188 739 tiores
1216 703 1257 739 de
1295 703 1410 751 primo
1440 705 1547 738 Anno
1577 703 1741 751 Epothae
1772 703 1849 749 eju-

1081 753 1171 790 sdem
1202 754 1350 802 Augusti
1388 753 1533 790 fiamus.
1571 755 1611 789 In
1648 753 1846 789 Tabulario

1081 804 1366 853 Archiepiscopii
1387 803 1551 842 Lucensis
1572 817 1642 840 non
1665 817 1768 840 unam
1790 804 1846 840 vi-

1079 856 1114 891 di
1144 856 1307 903 scriptam
1335 860 1438 891 Anno
1465 859 1490 891 Ι.
1519 856 1676 890 Guidonis
1708 858 1847 900 Impera-

1078 906 1154 940 toris
1181 907 1238 941 die
1267 909 1310 941 X.
1338 907 1447 949 Iulii,
1476 915 1536 942 aur
1563 906 1620 941 die
1647 908 1741 940 XXI.
1768 908 1848 941 Au-

1078 956 1187 1005 gusti,
1215 956 1393 992 Indiaeione
1419 959 1527 992 VIIII.
1555 967 1615 993 aut
1639 957 1696 992 die
1722 958 1783 992 lx.
1809 957 1846 992 δε

1080 1009 1140 1044 XI.
1179 1008 1419 1054 Septembris,
1456 1008 1632 1043 Indiffione
1661 1011 1702 1043 X.
1733 1019 1846 1054 quum

1078 1059 1130 1095 ibi
1166 1059 1336 1095 Kalendis
1376 1058 1476 1095 illius
1514 1057 1645 1094 Mensis
1688 1057 1846 1093 Indiffio

1079 1123 1170 1146 nova
1217 1110 1439 1146 nasceretur.
1486 1109 1570 1146 Istae
1612 1109 1654 1146 ad
1698 1111 1847 1145 Annum

1081 1163 1314 1198 DCCCXCI.
1344 1161 1542 1208 pertinent.
1578 1162 1667 1197 Sunt
1694 1161 1727 1195 &
1757 1160 1848 1195 aliae

1078 1222 1239 1248 exaratae
1267 1218 1371 1249 Anno
1400 1215 1442 1248 II.
1481 1212 1638 1247 cuidonis
1674 1213 1848 1255 Imperato-

1078 1263 1121 1296 ris
1150 1264 1293 1311 Augusti
1329 1263 1386 1298 die
1416 1265 1551 1300 XVIII.
1583 1262 1751 1311 Augusti,
1789 1263 1847 1296 In-

1077 1313 1216 1347 dic‘lione
1243 1318 1283 1350 X.
1320 1324 1380 1350 aut
1411 1314 1468 1351 die
1499 1316 1597 1350 XVI.
1627 1312 1846 1350 Novembris

1079 1363 1256 1398 Indift'ione
1284 1367 1342 1399 XI.
1380 1367 1459 1400 Hae
1495 1364 1652 1410 spe&ant
1690 1365 1731 1398 ad
1767 1366 1847 1398 An-

1078 1426 1161 1448 num
1194 1415 1445 1450 Dcccxclr.
1486 1416 1611 1462 Neque
1649 1413 1773 1448 desunt
1809 1426 1847 1449 a-

1077 1463 1147 1496 liae
1184 1463 1332 1506 scriptae
1359 1468 1460 1499 -Amm
1490 1467 1549 1499 III.
1576 1464 1635 1500 die
1672 1465 1845 1499 XXVIII.

1078 1511 1288 1555 Februarii,
1328 1523 1388 1548 aut
1428 1515 1540 1549 XXX.
1580 1514 1748 1562 Aprilis,
1785 1524 1846 1550 aut

1079 1563 1156 1595 XV.
1187 1562 1277 1611 Maji
1299 1564 1365 1599 &c.
1394 1563 1573 1598 Indtc'z'ione
1594 1568 1651 1600 XI.
1682 1564 1765 1601 Istae
1793 1579 1847 1600 re-

1077 1611 1236 1649 ferendae
1264 1614 1305 1649 ad
1335 1616 1480 1651 Annum
1513 1617 1784 1652 DCCLXCIH.
1814 1618 1845 1652 E

1077 1664 1204 1711 quibus
1233 1665 1374 1701 tandem
1404 1665 1646 1714 agnoscimus,
1685 1666 1846 1703 Guidoni

1077 1725 1157 1750 ante
1180 1716 1352 1752 Martium
1379 1715 1535 1752 Mensem
1551 1745 1561 1760 ‚
1590 1718 1703 1753 immo
1723 1715 1761 1753 ἃ
1783 1730 1846 1753 an-

1076 1776 1111 1801 te
1137 1766 1231 1802 diem
1256 1769 1425 1802 XXVIII.
1452 1768 1633 1804 Februarii
1659 1769 1843 1804 conlatum

1077 1817 1176 1853 fuisse
1197 1818 1357 1853 diadema
1380 1820 1601 1854 Romanum.
1628 1818 1738 1865 quue
1760 1832 1846 1853 con-

1077 1868 1201 1916 tigerit
1237 1878 1380 1916 oportet
1418 1868 1489 1915 post
1526 1870 1620 1906 diem
1650 1871 1694 1905 V.
1732 1868 1847 1906 Osto-

1078 1919 1148 1955 bris
1191 1920 1289 1956 Anni
1335 1922 1550 1957 DCCCXC.
1592 1920 1760 1968 fiquidem
1803 1933 1848 1957 eo

1078 1970 1133 2005 die
1162 1972 1357 2008 Lucensem
1385 1970 1558 2008 Chartam
1595 1971 1761 2020 scriptam
1790 1971 1847 2007 vi-

1078 2022 1113 2057 di
1141 2025 1244 2057 ,Anno
1273 2024 1335 2058 HI.
1369 2023 1435 2069 ροβ
1472 2033 1598 2057 mortem
1635 2023 1752 2059 Karoli
1781 2025 1849 2058 Im-

1076 2074 1255 2120 peratoris,
1293 2073 1472 2108 Indifflione
1500 2076 1558 2109 IX.
1588 2073 1655 2110 hoc
1682 2074 1748 2118 est,
1786 2086 1850 2109 ne-

1079 2125 1174 2161 mine
1200 2124 1416 2172 imperante.
1443 2127 1562 2171 Quare
1587 2135 1626 2161 ut
1648 2125 1686 2161 in
1714 2138 1851 2160 memo-

1079 2185 1152 2211 rata
1194 2188 1302 2223 nuper
1344 2176 1596 2211 Differtatione
1634 2177 1671 2210 de
1711 2179 1850 2210 Roman.

1079 2229 1260 2273 Imperator.
1281 2225 1435 2268 ostendi,
1457 2227 1490 2261 8<
1516 2226 1599 2262 hinc
1620 2225 1750 2262 discere
1772 2225 1850 2272 pos-

1081 2276 1194 2312 sumus
1217 2301 1227 2315 ,
1285 2277 1486 2313 Guidonem
1543 2278 1688 2313 ineunte
1741 2280 1849 2314 Anno

1082 2329 1315 2364 DCCCXCI.
1345 2327 1471 2363 solium
1501 2328 1738 2377 Augustorum
1766 2339 1850 2363 con-

1082 2378 1245 2414 scendiffe
1283 2392 1341 2426 per
1381 2378 1507 2414 sacram
1539 2379 1743 2415 unfflionem
1776 2379 1847 2410 Ro-

1083 2429 1179 2465 mani
1211 2429 1396 2465 Pontificis
1423 2430 1587 2478 Stephani
1613 2433 1656 2465 V.
1679 2429 1739 2464 Sed
1764 2424 1851 2473 quid

1082 2482 1174 2516 ultra
1217 2479 1374 2517 moror?
1418 2481 1511 2517 Vide
1562 2478 1851 2516 Differtationem

1034 2528 1055 2568 tl
1084 2534 1198 2568 XXX.
1225 2535 1265 2568 de
1293 2535 1430 2570 Mercat.
1468 2531 1528 2568 ubi
1566 2530 1738 2578 Diploma
1771 2527 1853 2565 dedi

1126 2585 1154 2618 F
1183 2593 1204 2618 2
1715 2578 1800 2614 scri-
