2232 3089
275 223 289 250 1
299 221 349 262 ,ις
532 203 719 249 ΒέδὲἶΕἶί
726 202 900 245 ΤᾹΤΙΟ
932 198 1492 256 TRJGESWAQJAEM
1500 229 1512 242 .
1699 210 1791 257 146⁷

212 269 254 301 D.
281 268 454 310 johannes
484 265 639 301 Andreas
668 263 849 299 Assezatus
877 257 967 297 nune
1011 264 1046 298 A
1081 261 1216 295 blatum
1245 257 1344 294 fuiffe
1370 255 1629 294 Lotharianum
1669 261 1838 308 Diploma

211 317 410 352 Placentini
453 314 656 352 Monasterii
702 316 802 349 Prior
828 338 838 353 ,
881 314 969 348 alter

212 369 249 403 P.
281 370 323 402 D.
352 367 483 415 Gaspar
510 368 690 408 Berettus‚
728 364 810 399 dum
848 363 885 399 in
914 364 968 399 vi-

210 418 266 453 vis
293 428 392 460 erat,
419 418 456 452 in
487 415 594 464 Regia
622 414 803 451 Ticinenfi
830 415 968 450 Acade-

211 468 283 504 mia
322 466 567 513 Philosophiae
606 466 794 502 Professor.
833 465 905 501 Hic
933 479 967 500 e-

211 520 284 555 nim
316 518 520 566 Diplomata
547 517 642 557 duo,
679 517 797 566 qualia
825 530 842 552 a
871 518 967 551 Mar-

210 569 334 616 garino
360 568 454 603 edita
481 568 597 612 vidit,
625 568 666 603 ad
693 568 812 603 nobile
839 567 968 602 Mona-

208 618 346 654 sterium
386 618 592 654 Brixianum
628 618 848 654 Monialium
885 620 969 652 San-

209 668 288 704 Rae
328 669 441 713 Juliae
482 669 674 714 speRantia
714 668 932 716 improbavit
958 693 968 710 ,

209 719 273 755 ille
315 723 397 756 verb
440 719 671 766 Autographa
712 719 889 756 laudans,
930 717 968 751 in

180 812 183 815 ,
209 769 336 817 quibus
352 768 506 804 diversae
526 768 568 802 ab
587 768 693 803 editis
715 770 832 803 Notae
852 767 967 803 Chro-

209 819 393 867 nologicae
442 819 631 867 leguntur,
682 817 772 853 tueri
823 826 967 853 conatus

209 869 279 905 est.
310 871 367 904 An
397 872 480 904 verb
507 869 549 904 ad
576 882 615 905 ea
644 869 850 917 Diplomata
888 882 966 917 pur—

209 919 321 968 ganda
367 919 591 968 pharmacum
643 920 841 956 adhibitum
885 919 967 954 satis

208 970 337 1014 fuerit,
374 971 443 1019 jam
472 971 661 1014 Eruditos‚
699 971 760 1018 qui
790 970 968 1018 utriusque

209 1021 384 1068 opuscula
426 1021 605 1070 legerint,
652 1022 814 1069 judicaffe
856 1030 969 1066 puto.

208 1072 312 1108 Alibi
349 1071 593 1120 Margarinum
630 1072 760 1109 ostendi
799 1071 970 1121 ejusmodi

209 1121 366 1159 incuriae
402 1136 520 1159 reum.
560 1126 665 1159 Nunc
702 1123 813 1165 addo,
851 1122 970 1158 referri

209 1174 251 1209 ab
288 1173 363 1222 ipso
400 1173 437 1209 in
474 1174 665 1210 Constitut.
706 1178 764 1210 28.
802 1175 909 1209 Tem.
939 1185 972 1208 2.

210 1225 341 1260 Bullan
382 1224 556 1260 Casinens.
599 1225 769 1271 Diploma
805 1223 972 1259 Lotharii

211 1274 239 1310 Ι.
278 1274 456 1319 Augusti,
497 1278 620 1308 Datum
647 1275 771 1308 XVIII.
807 1274 973 1317 Kalendas

203 1324 385 1368 Januarii‚
411 1328 511 1358 Anno
537 1323 667 1368 Imperii
695 1323 811 1360 Domni
836 1324 973 1359 Hlotha-

211 1373 254 1407 rii
290 1374 345 1409 Pii
373 1373 594 1420 Imperatoris,
633 1373 806 1409 Indifflione
842 1374 974 1410 Decima

211 1434 343 1470 quarta.
372 1424 434 1458 Sed
463 1425 500 1458 in
529 1425 753 1468 membrana,
782 1438 869 1471 quae
897 1427 973 1461 Au-

211 1472 376 1521 tographi
405 1472 553 1519 speciem
582 1473 699 1521 gerit,
735 1486 756 1507 a
794 1486 849 1508 me
878 1475 973 1516 vis-⁹2,

211 1524 342 1572 legitur
383 1523 556 1559 Indidione
591 1525 619 1558 I.
657 1532 761 1569 atque
797 1521 849 1557 ibi
888 1522 974 1558 exfi-

208 1573 266 1610 ssit
291 1574 400 1610 adhuc
429 1573 595 1621 Sigillum
623 1586 759 1609 cereum
789 1586 868 1609 cum
896 1572 972 1608 effi-

207 1623 267 1672 gie
304 1624 490 1663 Lotharii‚
530 1622 567 1659 &
606 1623 720 1660 literis
749 1623 973 1672 circumposi-

207 1674 255 1710 tis
271 1687 287 1708 .·
309 1676 399 1710 XPE
424 1677 626 1719 ADJUVA
654 1676 971 1712 HLOTARIUM

207 1727 329 1761 AUG.
362 1726 415 1761 lta
443 1726 481 1761 in
511 1725 718 1774 Diplomate
746 1725 809 1761 isto
831 1725 973 1774 Epocha

208 1775 376 1812 Lotharii
419 1776 576 1812 desumta
613 1778 654 1812 ab
684 1779 792 1814 Anno
821 1778 972 1813 DCCC-

209 1829 288 1862 XX.
310 1826 493 1875 respondet
515 1829 624 1863 Anno
652 1829 972 1864 DCCCXXXVII.

211 1890 282 1925 quo
318 1878 520 1914 decurrebat
558 1878 696 1914 Indifft's'o
731 1879 873 1923 Prima,
915 1880 972 1914 Se-

210 1928 364 1977 ptembri
384 1928 508 1964 Mense
534 1929 718 1965 inchoata.
746 1929 972 1978 Margarinus

210 1979 253 2015 ad
290 1981 435 2015 Annum
478 1982 784 2016 DCCCXXXVI.
823 1980 972 2016 referens

210 2029 383 2077 ejusmodi
431 2030 656 2078 Praeceptum
676 2058 685 2075 ‚
731 2029 969 2067 Indifflionem

211 2094 389 2129 perperam
418 2081 616 2117 immutasse
643 2081 801 2118 videtur.
839 2083 969 2118 Veriim

210 2131 294 2167 huic
334 2131 396 2180 ipfi
440 2132 641 2180 Diplomati
690 2131 884 2182 appositum
927 2133 971 2168 est

211 2181 487 2230 Monogramma
524 2182 593 2219 five
621 2183 766 2231 Signum
795 2196 866 2218 non
894 2193 971 2219 tan-

209 2234 286 2269 tiam
333 2234 501 2268 Hlotharii
546 2234 756 2281 gloriostffimt'
799 2234 943 2281 Augusti
961 2262 971 2279 ‚

210 2282 266 2319 sed
292 2284 402 2320 etiam
439 2285 629 2320 Hludowici
660 2284 868 2332 gloriosiffimi
894 2289 970 2320 Au-

208 2334 315 2379 gusti,
341 2335 409 2370 hoc
429 2335 474 2371 est
499 2335 679 2372 Ludovici
707 2336 753 2371 Π.
781 2338 854 2383 ejus
879 2336 971 2379 filii,

214 2383 277 2429 qui
324 2393 440 2421 tamen
486 2389 596 2422 Anno
645 2388 970 2423 DCCCXXXVH.

215 2433 395 2481 Imperiali
421 2436 596 2484 dignitate
623 2451 662 2474 ac
690 2438 834 2474 nornine
861 2439 971 2474 dona-

214 2491 271 2519 tus
309 2483 462 2520 nondum
498 2487 630 2524 fuerat.
667 2488 764 2534 Quid
801 2488 880 2525 heic
916 2488 968 2524 di-

216 2534 362 2570 cendum
392 2535 537 2581 quaeso?
574 2538 650 2576 Nifi
686 2539 894 2589 opinemur,
930 2553 970 2575 0³

311 2587 401 2622 Tem,
427 2586 501 2624 VII.

1080 309 1268 347 Ludovico
1318 308 1365 345 ΙΙ.
1422 307 1598 356 postquam
1650 309 1680 345 is
1730 314 1838 350 Anno

1082 361 1350 396 DCCCXLIX.
1378 368 1438 394 aut
1469 360 1650 396 DCCCL.
1687 360 1842 411 Impera-

1080 412 1212 448 terium
1239 410 1384 446 titulum
1411 408 1583 452 affumfit,
1611 410 1840 463 additumque

1081 463 1122 498 ab
1150 476 1192 498 eo
1219 461 1328 510 patris
1356 460 1513 497 viventis
1549 459 1705 499 Chartae
1741 464 1842 503 suum

1081 513 1355 561 Monograrnma
1400 510 1682 549 confirmationis
1724 515 1804 552 loco
1829 530 1840 553 t

1081 564 1187 599 aliam
1215 563 1390 599 rationem
1418 576 1489 598 non
1509 562 1614 599 video
1635 565 1756 601 tuendi
1776 566 1843 603 hu-

1082 615 1133 661 jus
1163 613 1407 661 DiplomatiS.
1436 615 1496 649 An
1524 622 1640 650 autem
1669 615 1736 652 hoc
1764 615 1844 654 fieri.

1083 664 1258 711 potuerit,
1296 674 1356 700 aut
1382 678 1426 700 an
1454 677 1606 712 unquam
1644 664 1721 703 fieri
1758 680 1843 704 con-

1081 714 1257 755 sueverit‚
1298 715 1335 750 id
1371 713 1452 750 aliis
1492 715 1747 752 decernendum
1788 732 1843 755 re-

1081 766 1205 813 linquo
1222 792 1230 801 .
1260 768 1312 801 Ita
1340 765 1378 801 in
1406 765 1628 813 subsequenti
1655 766 1844 806 Constitu²

1083 816 1181 852 tione
1210 829 1268 864 29.
1297 816 1447 865 ejusdem
1485 816 1654 854 Lotharii
1690 819 1843 857 alterum

1084 867 1252 915 Diploma
1279 867 1466 903 exhibetur
1485 880 1504 903 a
1524 867 1753 918 Mat-garino,
1782 871 1844 907 da-

1083 926 1157 952 tum
1186 916 1359 951 Indifflone
1385 920 1411 953 I.
1440 930 1548 966 quum
1576 927 1691 954 tamen
1724 920 1761 955 in
1788 935 1845 957 ar-

1083 968 1233 1015 chetypo
1278 967 1424 1017 legerim
1470 981 1535 1017 ego
1580 969 1757 1006 Indidione
1802 975 1845 1009 X.

1083 1031 1250 1066 qua-cum
1279 1018 1465 1054 conciliari
1494 1019 1586 1067 poffe
1618 1022 1731 1057 Notas
1759 1022 1845 1059 reli—

1084 1083 1166 1112 quas
1204 1069 1350 1105 arduum
1388 1080 1494 1118 puto.
1538 1072 1714 1107 Praeterea
1741 1071 1844 1108 Con-

1083 1120 1192 1156 stitut.
1223 1133 1284 1168 43.
1322 1120 1548 1169 Mai-garinus
1584 1120 1656 1167 ipse
1693 1123 1846 1171 protulit

1083 1171 1252 1219 Diploma
1279 1169 1406 1207 Caroli
1432 1170 1547 1208 Craffi
1586 1173 1716 1208 Datum
1745 1178 1846 1209 Anno

1082 1221 1189 1268 Regni
1224 1222 1341 1257 Karoli
1367 1226 1408 1257 X.
1436 1224 1489 1257 At
1525 1222 1562 1258 in
1592 1223 1798 1273 Archetypo
1825 1238 1846 1260 a

1083 1284 1139 1307 me
1167 1271 1242 1307 viso
1269 1272 1400 1320 legitur
1418 1276 1517 1308 Anno
1543 1276 1633 1310 VIII.
1660 1274 1782 1323 ibique
1808 1289 1846 1311 a—

1083 1321 1151 1357 dest
1196 1321 1362 1370 Sigillum
1414 1336 1551 1360 cereum
1599 1337 1677 1365 curn
1726 1325 1845 1374 effigie

1084 1373 1237 1407 laureata
1264 1371 1414 1419 Caroli,
1453 1374 1487 1408 δε
1516 1373 1631 1410 literis
1659 1377 1846 1414 CAROL.

1084 1424 1201 1458 AVG.
1229 1435 1316 1470 quae
1343 1436 1548 1472 germanum
1575 1424 1744 1473 Diploma
1766 1440 1847 1473 pro-

1082 1473 1190 1511 dunt,
1218 1473 1339 1508 datum
1364 1475 1473 1509 Anno
1503 1477 1845 1514 DCCCLxxxVL

1082 1534 1190 1567 quum
1220 1523 1328 1557 Anno
1356 1524 1663 1561 DCCCLXXIX.
1701 1529 1776 1563 Rex
1812 1529 1848 1563 1-

1082 1570 1190 1606 taliae
1205 1571 1427 1608 renuntiatus
1447 1572 1553 1609 fuerit
1570 1573 1722 1612 Carolus
1739 1575 1846 1613 Cras-

1083 1620 1158 1665 sus,
1188 1621 1241 1657 uti
1269 1622 1306 1658 in
1337 1622 1589 1661 Differtatione
1619 1627 1680 1663 XI.
1708 1629 1746 1663 de
1775 1630 1846 1664 ,Al-

1081 1672 1176 1707 lodiis
1191 1671 1343 1708 ostendi.
1366 1674 1602 1712 Praetermifit
1616 1676 1723 1716 eriam
1745 1679 1846 1716 Mar-

1081 1722 1222 1772 garinus
1259 1723 1429 1773 Diploma
1466 1726 1669 1775 Berengarii
1707 1729 1734 1765 1.
1775 1731 1843 1765 Re-

1081 1774 1134 1823 gis
1162 1802 1173 1817 ,
1214 1774 1308 1822 quod
1350 1784 1468 1811 tamen
1511 1777 1763 1826 autographum
1807 1780 1842 1817 se

1080 1825 1171 1861 mihi
1221 1824 1357 1861 obtulit
1401 1825 1439 1861 in
1480 1827 1644 1863 Archivo
1689 1829 1843 1878 ejusdem

1080 1875 1242 1912 Brixiani
1292 1875 1469 1914 Asceterii
1523 1877 1668 1914 Sanfi'iae
1733 1880 1848 1924 juliae

1079 1927 1206 1975 sigillo
1235 1940 1333 1963 cereo
1370 1940 1450 1963 curn
1486 1927 1602 1977 effigie
1640 1931 1845 1980 Berengarii

1078 1978 1182 2027 iplius
1210 1977 1321 2013 adhuc
1349 1977 1547 2025 superstite.
1585 1979 1638 2017 Ibi
1677 1980 1741 2017 hae
1779 1995 1846 2018 no-

1079 2039 1153 2064 tae.
1175 2032 1266 2065 Data
1284 2031 1344 2064 III.
1367 2032 1477 2065 Nonas
1492 2030 1636 2074 ΛἸανιίἱ,
1656 2035 1756 2068 Anno
1777 2035 1846 2068 Da-

1078 2080 1209 2115 minicae
1235 2080 1462 2115 lucarnaticmis
1487 2084 1709 2118 DCCCCXV.
1740 2086 1844 2120 Dom-

1079 2131 1113 2165 ni
1161 2144 1235 2165 vero
1280 2131 1470 2177 Eerengarii
1511 2133 1697 2177 seremffimi
1741 2135 1844 2181 Regis

1080 2183 1251 2217 XXVIIII.
1280 2182 1451 2216 Indrfiione
1477 2185 1539 2218 III.
1559 2183 1680 2218 amm
1710 2187 1846 2222 Veronae

1081 2235 1113 2267 in
1140 2232 1260 2273 Christi
1286 2232 1407 2266 nomine
1429 2232 1590 2277 feliciter.
1628 2235 1682 2270 Ita
1710 2235 1753 2271 ab
1781 2248 1842 2273 eo-

1080 2282 1159 2318 dem
1187 2282 1414 2330 Margarino,
1451 2281 1490 2320 δε
1527 2284 1569 2319 ab
1598 2283 1774 2334 Ughellio
1802 2286 1841 2322 in

1082 2335 1161 2368 Ital.
1191 2335 1281 2368 Sacr.
1308 2335 1415 2369 Tom.
1442 2347 1477 2380 4.
1506 2334 1544 2370 in
1571 2336 1734 2386 Episcop.
1770 2337 1840 2371 Βο-

1083 2382 1189 2419 biens.
1217 2383 1387 2432 Diploma
1423 2385 1601 2422 Ludovici
1641 2388 1687 2424 11.
1716 2389 1841 2433 Augu-

1080 2434 1120 2471 sti
1147 2433 1295 2471 refertur
1322 2438 1444 2472 Datum
1464 2439 1547 2473 Non.
1567 2437 1732 2479 Oi‘Jobrin
1761 2440 1841 2471 An-

1080 2499 1119 2521 no
1143 2485 1265 2528 Chrtsto
1290 2487 1428 2532 propitio
1455 2490 1547 2522 DCC
1551 2491 1679 2522 CLXV.
1710 2487 1840 2530 Imperii

1080 2537 1238 2574 Ludo-vici
1261 2537 1394 2582 piffmi
1418 2537 1561 2585 Augusti
1579 2538 1638 2575 ΧῙ,
1666 2537 1842 2575 Ιηάίἕῖίοηε
