2232 3089
477 204 558 248 355
829 186 1441 247 ANTIQUIT.MED11
1473 191 1635 237 aem
1908 206 1991 255 356

406 248 497 294 siae,
524 261 603 296 quae
629 247 802 291 construela
828 247 885 294 effe
910 248 1085 292 videntur,
1106 248 1179 290 sive
1213 252 1247 287 A
1282 260 1485 297 permanere.
1526 256 1589 288 Per·
1613 254 1686 287 baec
1712 254 1830 297 nostrae
1856 257 2046 303 conceffionis

413 302 448 336 in
489 311 584 336 antea
627 299 838 342 construentur
859 326 870 343 ,
906 299 1085 342 teloneum,
1121 308 1178 334 aut

410 352 554 399 aliquam
600 349 792 396 funssionem
838 347 1002 397 publicam
1042 349 1149 395 exigat
1166 376 1177 393 ,

403 403 464 448 sed
489 403 582 438 liceat
618 404 749 436 eandem
783 399 955 440 Ecclesiam
981 412 1049 434 cum
1075 399 1177 434 omni-

411 455 470 489 bus
489 453 560 499 suis
586 450 810 498 pertinentiis,
849 451 892 484 &¹
926 450 1096 494 cartulis,
1122 461 1177 486 at-

408 517 468 552 que
508 501 720 550 massaritiis,
760 501 902 536 mercatis
920 529 930 546 ,
971 515 1007 536 ac
1047 501 1177 549 reliquis

407 553 638 600 poffeffionibus
670 553 738 597 suis
765 551 931 587 mobilibus
958 551 1004 590 ψ’
1033 553 1174 588 immobi-

409 606 520 648 libus,
559 605 615 639 bac
645 603 786 648 familiis
807 603 877 647 suis
903 604 1063 652 utriusque
1083 604 1177 649 sexus

409 653 626 699 Libellariis,
654 655 708 689 vel
734 654 937 694 Cartulatis,
960 656 1017 700 seu
1043 657 1175 690 Comen-

406 706 564 745 daticiis‚
606 718 721 740 necnon
756 707 800 740 ad
840 709 969 741 eandem
1006 705 1177 747 Ecclesiam

410 756 688 803 confugientibus,
719 755 791 797 sive
817 770 884 791 cum
911 757 1052 792 omnibus
1078 757 1122 792 ad
1142 756 1177 800 se

405 807 640 853 pertinentibus
669 807 776 853 securo
810 808 867 844 hae
904 807 1034 853 pacifico
1068 807 1177 843 ordine

1286 299 1333 339 σίν*
1365 302 1610 347 confirmationis
1648 307 1819 349 Praecepta
1855 307 1970 354 absque
1996 323 2049 344 ca-

1286 351 1443 388 lumniam
1474 355 1680 390 minoratione
1716 359 1769 390 vel
1805 358 2049 394 contradictione

1285 401 1467 450 cujusquam
1483 419 1504 448 ‚·
1538 416 1643 441 contra
1678 408 1760 454 quod
1795 408 1914 450 nostrae
1947 410 2049 444 dona-

1285 453 1380 488 tionis
1410 455 1467 500 seu
1503 458 1756 493 corroborationis
1783 462 1985 504 Praeceptum
2019 459 2048 502 si

1285 504 1355 551 quis
1381 509 1653 555 quomodocumque
1682 508 1840 556 insurgere
1867 520 2047 556 temptave-

1285 555 1329 588 rit
1347 581 1357 598 ,
1379 556 1462 599 sciat
1490 557 1526 601 se
1561 559 1793 605 compositurum
1828 561 1901 596 auri
1936 562 2050 606 optimi

1286 604 1403 640 Libras
1430 617 1574 651 centum,
1601 609 1796 644 medietatem
1822 614 1973 646 Gamerae
1991 625 2048 646 no-

1281 655 1386 698 strae,
1414 657 1457 691 (9⁶
1483 658 1679 693 medietatem
1713 660 1908 706 praelibatae
1943 665 2048 696 Cano-

1220 705 1248 741 B
1287 706 1350 741 nici
1376 707 1512 742 sanetae
1538 710 1728 753 Patavensis
1753 710 1927 753 Ecclesiae.
1953 714 2050 758 Quod

1289 767 1324 792 ut
1350 758 1458 792 verius
1484 757 1557 797 ἔφη

509 960 646 1008 Signum
672 959 792 996 Domni
851 928 1010 997 &Sp
1076 959 1266 1009 Berengarii
1288 961 1424 1009 piiffimi
1449 962 1677 1010 Imperatoris.

861 995 1018 1086 ffiffz

1228 1114 1346 1149 Locus
1374 1110 1494 1161 sigilli
1515 1113 1557 1156 ⁵1*
1584 1111 1674 1149 cerei
1701 1112 1896 1163 deperditi.

406 1216 571 1263 Iohannes
597 1215 771 1263 Episcopus
798 1215 842 1250 Θ·
867 1215 1086 1251 Cancellarius
1122 1215 1166 1251 ad
1200 1213 1301 1251 vicem
1327 1213 1480 1261 Ardengi
1515 1213 1665 1262 Episcopi
1691 1214 1738 1255 &¹
1764 1216 2052 1253 Archicancellarii

514 1267 677 1313 recog-tovi
704 1266 750 1304 αἱ*
771 1265 965 1311 subscripsi.

412 1371 504 1404 Data
540 1370 616 1401 XII.
654 1367 822 1401 Kalendas
859 1366 977 1410 Maii,
1013 1370 1114 1402 Anno
1150 1367 1335 1403 Dominicae
1374 1366 1607 1402 Incarnationis
1642 1370 1897 1404 DCCCCXVII.
1934 1369 2054 1403 Domni

513 1429 590 1452 vero
616 1418 807 1465 Berengarii
831 1418 964 1463 piiffimi
991 1418 1094 1465 Regis
1121 1421 1265 1454 XXXVI
1275 1444 1389 1454 ......
1417 1418 1546 1465 Imperii
1571 1422 1672 1454 Anno
1700 1421 1763 1454 III.
1791 1418 1968 1453 Indic‘i'ione
1997 1421 2051 1454 VI.

409 1518 535 1556 offlam
562 1518 708 1554 Civitate
735 1519 836 1564 Papie
853 1546 862 1564 ‚
891 1519 924 1553 in
952 1519 1017 1554 Dei
1043 1519 1165 1554 nomine
1187 1519 1350 1563 feliciter.

466 1620 706 1657 Parmenfibus
746 1634 885 1669 quoque
928 1619 1123 1656 Canonicis
1159 1633 1179 1656 a

413 1672 532 1708 nescio
560 1685 631 1720 quo
659 1671 835 1721 Episcopo
863 1671 1010 1708 invenio
1031 1670 1177 1707 donatas

413 1723 561 1759 Decimas
593 1724 731 1757 omnium
766 1723 925 1767 hominum
961 1721 1178 1758 habitantium

416 1777 590 1817 Parmam,
617 1774 830 1808 laborantium
849 1773 1043 1819 suburbanis
1065 1772 1177 1808 terris.

1289 1619 1425 1655 Vadem
1466 1618 1569 1666 hujus
1604 1619 1656 1655 rei
1692 1620 1843 1657 exhibeo
1880 1620 2050 1668 Diplomn

1289 1670 1436 1706 ottonis
1474 1670 1542 1705 III.
1578 1671 1724 1719 Augusti
1747 1699 1757 1715 ‚
1805 1671 1967 1706 edfflum
2006 1685 2049 1707 ex

1290 1721 1452 1757 Archivo
1476 1721 1639 1770 Capituli
1667 1723 1868 1758 eorumdem
1890 1721 2053 1759 Canoni-

1292 1785 1411 1808 corum
1438 1772 1693 1809 Parmenfium.

468 1900 574 1941 Otto
605 1900 681 1942 111.
713 1901 933 1956 Imperator
963 1896 1176 1941 Canonicis
1207 1897 1401 1941 Ecclesiae
1433 1899 1645 1941 Parmensis
1677 1896 1812 1942 omnia
1843 1896 2005 1941 illorum

764 1958 849 2013 jura
880 1972 925 2001 ac
956 1957 1167 2014 Privilegia
1199 1958 1429 2013 confirmat,
1461 1961 1583 2000 Anno
1615 1964 1715 2012 996.

464 2077 500 2110 N
520 2074 643 2110 nomine
667 2075 806 2112 sanctae
831 2077 874 2111 (9⁴
897 2075 1088 2111 individuae
1107 2077 1183 2113 Tri-

489 2126 623 2162 nitatis.
647 2128 738 2162 Otto
763 2127 881 2162 divina
900 2127 1034 2171 favente
1052 2129 1182 2163 clemen·

415 2177 465 2210 tia
489 2178 685 2225 Imperator
706 2177 901 2227 Augustus.
930 2178 1075 2212 Omnium
1095 2183 1179 2214 San-

418 2227 488 2262 Hae
514 2228 579 2262 Dei
605 2228 781 2272 Ecclesiae,
809 2229 1058 2275 nostrorumque,
1088 2241 1180 2277 prae-

411 2278 550 2324 sentium
568 2278 689 2323 scilicet
707 2292 743 2313 ac
761 2279 938 2322 futurorum
953 2279 1104 2324 fidelium
1125 2294 1182 2315 no—

419 2329 505 2363 verit
534 2329 713 2373 industria,
750 2343 782 2363 eo
809 2333 893 2376 quod
916 2331 1070 2364 Canonici
1098 2335 1182 2366 Par-

418 2393 487 2414 men
503 2392 530 2414 ις
558 2379 698 2415 SanHae
725 2382 836 2415 matris
866 2380 1046 2423 Ecclesiae,
1084 2381 1182 2415 inter-

416 2441 518 2465 ventu
547 2444 583 2465 ac
618 2430 770 2475 peticione
797 2430 891 2472 nostri
911 2429 1090 2474 fideliffimi
1115 2434 1181 2466 Ca-

415 2481 541 2527 pellani
580 2482 760 2526 Heriberti,
797 2480 930 2522 nostram
966 2480 1182 2528 efflagitantes

419 2531 656 2574 celsitudinem,
691 2533 842 2579 quatinus
878 2544 978 2566 omnes
1005 2533 1179 2568 Canonica-

1289 2077 1334 2110 les
1360 2088 1408 2110 res
1435 2074 1497 2120 sub
1533 2075 1628 2118 nostri
1653 2074 1816 2123 Praecepti
1841 2071 2048 2118 confirmatio-

1291 2140 1328 2161 ne
1356 2126 1573 2172 reciperemus.
1611 2130 1752 2171 Quorum
1775 2123 2050 2169 justamefflagi-

1291 2176 1440 2212 tationem
1475 2175 1720 2217 considerantes,
1758 2175 1842 2208 illud
1876 2184 1976 2207 mente
2003 2186 2049 2206 re-

1290 2227 1476 2270 volventes,
1504 2226 1585 2272 quod
1604 2224 1636 2266 fi
1663 2228 1729 2259 Deo
1754 2223 1985 2268 famulantibus
2015 2223 2050 2257 in

1291 2276 1433 2312 omnibus
1474 2276 1575 2318 nostra
1616 2275 1780 2322 Magelias
1822 2274 2049 2320 neceffitatibus

1286 2325 1500 2373 subvenerit,
1536 2329 1640 2361 Deum
1674 2326 1763 2361 nobis
1794 2326 1967 2373 propicium
1994 2325 2053 2359 ha-

1293 2376 1458 2417 bebimus,
1492 2377 1744 2423 siepradiHortem
1771 2377 1920 2411 videlicet
1946 2379 2052 2409 Cano-

1292 2429 1427 2463 nicorum
1443 2428 1572 2473 affiduis
1591 2427 1730 2472 precibus
1740 2440 1756 2461 .·
1774 2428 1855 2461 unde
1873 2437 1937 2461 tam
1955 2429 1981 2460 C
1984 2426 2052 2460 bri·

1286 2480 1332 2523 sti
1367 2478 1635 2523 remuneratione,
1672 2491 1823 2526 quamque
1858 2473 2053 2512 Cancellarii

1264 2521 1270 2564 Ῑ
1295 2529 1390 2574 „ostri
1413 2530 1588 2578 peticione,
1625 2544 1678 2565 nec
1704 2543 1764 2565 non
1793 2529 1916 2564 illorum
1944 2529 2052 2560 Sacer-

1892 2578 2001 2612 dotum
