2232 3089
244 170 294 198 21

185 215 284 250 chiam
312 213 345 248 in
374 212 472 257 nostro
497 212 565 260 jure
592 212 635 245 (9‘
660 209 797 244 dominio
815 223 851 244 ac
875 209 945 252 pri-

185 267 331 314 vilegio,
367 265 413 304 &⁹
441 264 536 307 nost1e
564 262 677 308 sanc‘ie
712 265 855 296 Romane
882 262 946 294 Ec-

187 319 272 360 olesie
298 318 384 352 beati
409 315 518 354 Petri,
545 313 632 360 cujus
660 313 701 354 est
725 311 803 358 jus,
825 311 946 356 semper

186 381 352 411 tenemus,
390 376 425 399 ut
455 365 500 407 sit
534 364 596 410 sub
631 363 734 406 nostra
769 360 944 406 eleHiom,

186 418 381 455 ordinatione
402 443 412 460 ‚
467 427 561 462 atque
610 413 830 459 consecratione
877 412 944 447 &aa

188 474 278 505 Hanc
301 466 456 514 prefatam
483 465 630 511 majorem
666 462 806 510 Maffam
842 463 944 498 Babi-

184 519 323 562 loniam,
351 531 408 564 que
434 528 565 552 vocatur
592 516 768 555 Ferraria,
804 514 946 560 aliasque

184 582 286 604 omnes
322 569 453 603 minores
491 566 644 614 Massia,
686 568 729 601 (9⁴
764 575 862 599 totum
898 564 944 602 &

185 621 341 667 integrum
368 619 501 661 nostrum
528 619 721 665 Comitatum
759 615 944 650 Ferrarien-

177 672 265 717 sem,
293 671 327 705 in
357 683 431 704 cura
466 668 512 706 ό*
546 666 735 714 proteHione
770 676 862 712 atque
889 666 944 698 de-

179 721 318 767 fensione
363 718 525 765 justiffimi
570 729 663 764 atque
706 714 945 761 viffioriosiffimi

184 771 294 807 Caroli
319 770 464 817 Augusti
491 768 692 816 Imperatoris
716 767 882 813 ponimus,
909 776 944 800 ut

179 832 326 871 protegat
352 821 397 859 &²
425 821 574 865 defendat
597 834 617 855 a
640 819 763 866 prefato
789 818 852 852 Dei
880 817 944 851 ini-

183 874 280 912 mico,
316 871 363 910 ῥ’
390 870 505 907 Σαηόἶὶ
530 870 677 918 Apostoli
714 869 802 904 Petri
828 870 943 903 adver-

177 925 265 970 sario
305 933 399 970 atque
442 921 593 968 sacrilego
636 925 724 967 Rege
765 918 945 960 Desiderio,

181 986 219 1010 ut
245 975 331 1009 ultra
357 972 491 1018 confines
519 975 558 1006 de
590 971 732 1019 prediffio
760 970 857 1012 nostro
883 972 941 1004 Co-

181 1027 299 1061 mitatu
326 1026 472 1059 Ferrarie
500 1036 585 1058 nemo
612 1022 744 1064 transire
763 1021 855 1067 ausus
878 1020 943 1064 sit,

182 1090 278 1124 neque
323 1076 475 1110 invadere
523 1074 680 1119 presumat
724 1073 790 1107 ullo
834 1073 921 1106 modo
937 1097 944 1106 .

181 1131 275 1174 ,Quod
299 1126 439 1174 predit‘ii
457 1124 544 1170 fines
572 1126 615 1159 (9‘
641 1123 770 1158 termini
801 1123 878 1166 sunt
905 1123 946 1157 ab

181 1179 306 1212 Oriente
332 1179 373 1212 ab
399 1190 463 1211 una
488 1187 578 1222 parte
601 1173 755 1219 fluminis
780 1173 869 1207 Padi
894 1172 945 1207 al-

183 1239 250 1262 tera
277 1228 378 1269 nostra
408 1226 517 1271 Maffa
554 1224 698 1269 Fiscalia
732 1222 779 1261 &¹
818 1226 941 1258 Vetera-

183 1278 252 1312 ria.
281 1280 325 1311 A
348 1276 510 1309 Veteraria
536 1274 691 1315 transiens
711 1273 835 1320 flumen
859 1277 942 1308 San—

984 211 1018 245 A

183 1327 255 1362 dati
292 1327 385 1372 usque
420 1325 636 1359 Bucilletum:
668 1335 725 1370 per
759 1324 946 1359 Boeitletum

182 1376 335 1417 transiens
363 1375 487 1420 flumen
524 1373 674 1406 Gaibana
708 1383 764 1417 per
790 1375 946 1407 Ludriam

181 1424 375 1461 circumdans
419 1424 539 1458 Villam
579 1423 740 1457 Mannam
782 1420 827 1458 ὠ*
866 1424 940 1456 Ma-

182 1478 324 1512 drariam
362 1474 507 1523 pervenit
548 1472 641 1519 usque
681 1472 843 1507 Maletum
862 1497 871 1506 .
907 1475 953 1506 A

182 1528 308 1563 Maleto
331 1537 461 1573 pergens
484 1524 581 1569 juxta
607 1526 764 1570 Argerem
783 1522 944 1564 Asianum

176 1588 234 1622 per
271 1577 405 1624 paludes
441 1573 488 1613 &⁴
521 1574 675 1621 piscarias
711 1574 804 1620 usque
842 1574 941 1607 Virri·
990 1578 1020 1610 D

180 1640 271 1663 cam:
298 1626 343 1665 &⁴
371 1625 526 1667 transiens
556 1626 707 1659 Vitricam
732 1624 825 1658 venit
850 1624 945 1670 usque

180 1677 305 1725 Foffam
333 1681 528 1719 Buranam;
563 1677 605 1708 Θ·
638 1685 694 1722 per
721 1674 845 1720 Foffam
872 1678 941 1709 Bu-

179 1743 291 1764 ranam
328 1729 433 1763 exiens
475 1728 509 1762 in
544 1727 669 1761 Padum
709 1726 866 1769 descendit
901 1728 945 1760 aa*

181 1781 374 1815 Occidentem
400 1778 494 1825 usque
520 1779 563 1813 ad
590 1779 715 1812 Ulmum
741 1778 941 1822 Formosam,

180 1832 263 1878 quod
288 1840 371 1866 certa
393 1829 477 1874 finis
503 1831 545 1871 est
572 1829 654 1863 inter
681 1829 872 1864 Romaniam
901 1829 943 1862 (θ’

179 1880 457 1929 Langobardiam.
483 1882 543 1915 Ab
578 1881 680 1914 altera
714 1889 818 1914 autem
859 1881 940 1914 Flu-

179 1932 275 1966 minis
310 1942 402 1975 parte
431 1930 582 1973 fimiliter
618 1932 659 1965 ab
685 1930 811 1964 Oriente
838 1931 943 1965 Callis

179 1983 218 2017 de
254 1982 366 2026 Fine,
407 1995 465 2027 que
497 1981 580 2025 finis
615 1982 657 2022 eft
693 1982 774 2015 inter
810 1983 943 2024 nostrum

180 2033 374 2068 Comitatum
402 2032 549 2066 Ferrarie
576 2030 622 2069 ἐφ’
648 2032 783 2065 alterum
809 2032 943 2074 nostrum
971 2038 1017 2072 *E

178 2083 371 2119 Comitatum
412 2082 638 2126 Comaclensem
656 2105 666 2121 ‚
706 2084 873 2116 extendens
908 2083 944 2127 se

175 2145 233 2181 per
255 2134 389 2181 paludes
417 2133 460 2167 (9·
495 2133 648 2178 piscarias
674 2133 768 2179 usque
793 2134 837 2167 ad
864 2133 941 2177 Fos-

174 2185 283 2231 satum
307 2188 348 2220 de
382 2185 536 2227 Silanae,
572 2183 767 2218 circumdans
802 2182 943 2230 Massam

175 2235 305 2270 Corneti
341 2234 388 2273 &⁹
425 2239 636 2282 Lognanum‚
671 2246 731 2281 que
769 2235 808 2269 de
844 2235 943 2277 nostro

181 2286 342 2320 Comitatu
369 2287 515 2321 Ferrarie
540 2286 583 2327 es}
598 2299 617 2328 ;
650 2285 834 2330 deflendens
869 2286 943 2320 inde

183 2332 218 2366 in
241 2336 433 2370 Occidentem
468 2347 522 2382 per
554 2337 688 2379 paludes
715 2337 758 2370 (9⁶
788 2337 942 2384 piscarias

184 2382 277 2429 usque
310 2387 444 2420 Flumen
481 2386 638 2430 Tartari,
675 2386 719 2420 &⁰
751 2397 807 2432 per
843 2388 942 2434 ipsum

184 2434 321 2467 flumen
346 2438 477 2472 Tartari
503 2437 605 2471 exiens
631 2436 724 2484 usque
750 2438 784 2472 in
806 2440 942 2474 Flumen

183 2483 270 2519 Padi
297 2482 368 2522 (ἴε.
394 2487 432 2519 si
458 2500 519 2532 qua
544 2498 648 2524 autem
670 2488 800 2535 persona
826 2502 943 2536 magna

505 150 693 196 DISSER
703 148 876 192 TATJO
908 148 1494 207 TRJGESJMAQJARTAE

1705 171 1754 198 22

1052 209 1107 244 vel
1131 219 1262 253 parva,
1295 209 1368 251 five
1394 213 1487 249 Rex,
1517 208 1591 251 sive
1619 213 1714 252 Dux,
1745 213 1819 255 five

1053 260 1220 300 Marchio‚
1252 260 1324 302 five
1359 264 1488 304 Comes,
1528 263 1714 305 Vtcecomes,
1750 268 1817 299 Ca-

1045 311 1167 354 staldio
1179 334 1190 350 ‚
1217 322 1275 346 aut
1300 311 1410 359 aliqua
1435 313 1474 346 de
1501 312 1610 355 nostris
1637 312 1818 360 Sueceffori-

1052 363 1109 397 bus
1148 362 1342 408 universalis
1374 364 1505 410 persona
1540 374 1648 399 eontra
1682 365 1734 399 hoc
1763 378 1818 400 no-

1045 413 1147 455 strum
1173 413 1389 461 Privilegium
1422 414 1468 453 &⁵
1502 424 1676 461 preceptum
1712 415 1817 460 insur-

1048 464 1156 511 gerit,
1183 475 1240 499 aut
1260 465 1292 506 fi
1318 464 1386 510 ejus
1410 465 1549 500 violator
1575 466 1715 501 extiterit
1742 466 1816 505 &aa

1047 514 1092 556 fit
1118 517 1250 550 daturus
1277 516 1320 550 (9·
1346 515 1564 563 compositurus
1583 516 1696 561 sancfi‘e
1720 518 1817 561 nostre

1053 569 1198 600 Romane
1225 566 1359 609 Ecclefie
1395 567 1482 603 beati
1517 569 1608 602 Petri
1632 568 1706 603 auri
1732 569 1819 612 opti-

1053 616 1096 649 mi
1123 616 1241 651 Libras
1267 627 1388 651 centum
1403 645 1413 661 ‚
1442 617 1488 655 &⁸
1509 631 1529 652 a
1547 618 1713 653 liminibus
1732 623 1819 653 san-

992 669 1019 703 B
1052 666 1098 700 He
1124 666 1259 708 Ecclesie
1287 667 1333 709 fit
1361 670 1567 716 segregatus,
1596 668 1641 706 όν
1668 683 1689 703 a
1716 669 1819 712 nostra

1052 717 1230 763 universali
1264 730 1358 766 atque
1392 719 1582 766 ampliffima
1617 720 1697 754 sede
1723 725 1820 768 Apo-

1046 768 1158 810 stoliea
1179 768 1225 810 fit
1251 771 1551 809 excommunicatus,
1581 769 1624 808 &-
1649 770 1710 816 sub
1735 786 1819 807 ana-

1053 820 1157 853 thema
1193 819 1290 862 nostre
1331 821 1567 867 indignationis
1603 821 1647 855 (9⁶
1681 822 1819 857 sanc‘lo-

1053 881 1120 903 rum
1150 883 1287 904 omnium
1321 872 1530 906 Conciliorum
1567 871 1602 905 in
1635 881 1818 919 perpetuum

1052 934 1121 955 eum
1171 921 1390 957 maledicentes
1438 934 1562 957 manere
1603 923 1818 970 precipimus,

1052 982 1144 1018 atque
1171 972 1342 1017 censuimus
1352 996 1363 1011 ,
1400 972 1446 1012 ὅγ’
1474 975 1525 1007 hec
1552 973 1647 1015 nostri
1675 975 1819 1021 Precepti

1051 1023 1173 1070 pagina
1200 1023 1234 1058 in
1255 1024 1313 1069 suo
1334 1023 1457 1069 semper
1483 1034 1610 1059 maneat
1636 1025 1745 1072 vigore
1766 1036 1819 1059 at-

1053 1087 1109 1120 que
1129 1073 1305 1117 firmitate.

1103 1125 1178 1170 Qui
1221 1125 1336 1162 stilum
1376 1139 1414 1162 ac
1454 1125 1622 1161 formulas
1666 1126 1819 1162 Pontifi-

1053 1174 1185 1211 ciarum
1216 1177 1398 1213 Bullarum
1427 1177 1569 1213 circiter
1602 1191 1640 1212 ea
1679 1187 1819 1223 tempo-

1053 1239 1088 1260 ra
1116 1226 1376 1273 aliquantulum
1406 1228 1531 1271 novit,
1560 1227 1652 1263 nihil
1674 1228 1819 1264 cunssa-

1053 1284 1110 1310 tur
1150 1276 1188 1311 in
1225 1278 1438 1325 agnoscenda
1475 1278 1621 1314 informi
1660 1279 1695 1314 ὅ(
1732 1292 1820 1327 apo-

1053 1325 1182 1374 crypha
1227 1327 1329 1374 hujus
1377 1329 1499 1363 Bullae
1535 1329 1674 1376 origine
1711 1337 1817 1376 atque

1053 1376 1238 1412 struaura.
1267 1379 1329 1413 Sed
1358 1391 1401 1413 ne
1428 1378 1463 1414 id
1491 1378 1633 1425 quidem
1662 1378 1819 1415 confide-

1053 1437 1126 1458 rare
1153 1438 1240 1473 opus
1268 1427 1337 1461 est.
1365 1428 1424 1462 Ad
1461 1427 1707 1463 detrahendam
1745 1429 1817 1464 im-

1054 1473 1182 1521 postori
1212 1476 1345 1511 larvam
1377 1478 1627 1513 tantummodo
1655 1478 1816 1515 animad-

1055 1533 1149 1559 verte
1167 1552 1176 1567 ,
1203 1526 1307 1572 quhm
1339 1534 1498 1575 patenter
1525 1528 1554 1563 is
1582 1528 1618 1563 in
1647 1528 1812 1565 Chrono-

1052 1575 1183 1623 logiam
1214 1576 1422 1625 impegerit.
1450 1581 1572 1613 Annus
1603 1582 1712 1614 Nonus
1741 1583 1817 1616 Ha-

1051 1625 1165 1662 driani
1198 1628 1225 1662 Ι.
1256 1641 1333 1663 cum
1373 1628 1552 1663 Indiffione
1589 1631 1719 1665 Decima
1746 1632 1815 1667 mi·-

1052 1676 1147 1712 nime
1175 1677 1381 1722 consentit;
1417 1678 1446 1714 is
1487 1679 1581 1715 enim
1610 1679 1814 1717 decurrebat

1051 1732 1151 1762 Anno
1177 1729 1296 1771 Christi
1325 1732 1551 1765 DCCLXXX.
1578 1730 1732 1766 Indiffio
1754 1745 1814 1767 ve-

1050 1781 1089 1814 ι·ὸ
1129 1779 1275 1815 Decima
1302 1784 1404 1815 Anno
1439 1783 1734 1817 DCCLXXXVII.
1767 1785 1816 1818 Et

1051 1830 1143 1877 quod
1172 1843 1244 1866 rem
1274 1830 1452 1880 absolvit3
1490 1831 1675 1868 Hadriano
1703 1832 1731 1868 Ι.
1759 1832 1816 1868 vi-

1052 1890 1187 1925 vente,
1240 1880 1393 1918 Carolus
1434 1883 1588 1930 Magnus
1633 1895 1816 1931 nunquam

1051 1930 1120 1967 fuit
1159 1934 1331 1978 Imperator
1366 1932 1557 1980 Augustus,
1594 1946 1705 1981 eoque
1745 1935 1816 1971 mi-

1052 1995 1114 2017 nus
1151 1987 1272 2018 Annus
1313 1985 1442 2018 Tertius
1481 1983 1582 2020 illius
1629 1986 1816 2033 Imperii,

1052 2032 1188 2068 scilicet
1244 2036 1370 2070 Annus
1423 2035 1587 2084 Epochae
1648 2036 1815 2085 Vulgaris

1053 2085 1255 2120 DCCCIII.
1286 2085 1453 2133 conjungi
1492 2085 1600 2133 potest
1627 2099 1706 2122 cum
1734 2090 1815 2122 An-

1050 2149 1090 2169 no
1117 2138 1207 2170 Nono
1234 2135 1385 2183 ejusdem
1415 2136 1613 2181 Hadriani,
1644 2136 1706 2184 qui
1735 2138 1816 2173 An-

1051 2198 1098 2221 no
1146 2187 1363 2222 DCCXCV.
1410 2186 1451 2222 ad
1494 2187 1609 2235 plures
1650 2187 1812 2223 abierat.

1050 2235 1168 2272 Mitto
1204 2237 1360 2285 reliqua.
1399 2239 1523 2285 Neque
1560 2237 1644 2273 haec
1672 2239 1809 2273 tantum

1051 2286 1272 2334 suppofiticia
1301 2297 1529 2324 monumenta
1556 2296 1745 2323 occurrunt
1771 2287 1808 2321 in

1050 2337 1206 2374 Historia
1248 2338 1470 2375 Ferrarienfis
1511 2338 1711 2380 Ecclesiae,
1753 2335 1808 2371 sed

1049 2389 1084 2423 8<
1112 2389 1203 2434 alia,
1230 2403 1319 2438 quae
1346 2402 1621 2426 commemorare
1640 2387 1732 2422 nihil
1754 2395 1807 2421 at-

1050 2439 1164 2476 tinet.
1199 2439 1278 2477 Cur
1313 2444 1397 2477 verb
1423 2465 1433 2481 ,
1469 2442 1502 2475 8<
1539 2452 1609 2485 quo
1649 2446 1807 2486 tempore

1047 2490 1252 2527 emerserint
1286 2491 1457 2539 ejusmodi
1493 2489 1689 2537 figmenta,
1729 2489 1809 2545 (ἶρί-

1195 2541 1230 2576 C
1285 2552 1305 2575 2
1681 2550 1758 2573 mn
