2232 3089
435 1872 541 1922 Quod
566 1881 682 1908 tamen
708 1871 745 1907 in
771 1870 895 1921 primis
921 1870 1141 1908 animadver-
1179 1873 1215 1909 A
1255 1871 1396 1908 vetustis
1417 1868 1524 1906 etiam
1547 1866 1678 1904 seculis
1694 1866 1922 1905 Venetiarum
1939 1870 2017 1908 Du-

1255 1921 1332 1958 ces?
1354 1918 1567 1969 Hujusmodi
1590 1922 1672 1955 verb
1698 1931 1829 1955 morem
1859 1919 2018 1957 luculen-

380 1989 453 2012 non
484 1974 634 2012 Romani
664 1983 797 2009 tantum
830 1972 1018 2009 Pontifices
1047 1974 1134 2009 anti·
1255 1973 1407 2008 tioribus
1436 1969 1606 2018 exemplis
1644 1969 1890 2005 confirmatum
1922 1984 2015 2007 nune

379 2027 461 2074 quis
488 2024 726 2073 temporibus,
754 2024 888 2073 Sigillis
925 2022 994 2059 five
1025 2024 1138 2060 Bullis
1254 2037 1317 2067 eo,
1346 2024 1431 2058 alias
1463 2020 1647 2056 adferendo
1681 2021 1797 2056 Bullas
1827 2033 1845 2055 a
1872 2021 2014 2057 Clariss-

380 2076 560 2113 Plumbeis
597 2074 642 2110 us1
672 2074 770 2114 sunt,
798 2076 852 2110 {ed
887 2073 924 2110 ὅ(
962 2075 1023 2110 alii
1052 2075 1137 2119 Epi·
1254 2073 1465 2109 Blanchinio
1481 2071 1569 2108 olim
1589 2071 1701 2113 visas,
1718 2083 1802 2117 quas
1825 2069 1914 2105 mihi
1934 2070 2014 2119 sup-

378 2127 496 2174 smpi,
521 2127 553 2161 ἃ
584 2126 784 2173 Principes,
810 2125 922 2161 immo
951 2124 1135 2174 Magnates
1253 2124 1427 2172 peditavit
1455 2122 1694 2172 praelaudatus
1715 2118 1920 2156 Veronenfis
1943 2122 2013 2157 Ar-

376 2191 516 2225 quoque
533 2175 595 2211 alii
611 2176 800 2211 nobilitate
815 2175 1014 2224 conspicui.
1028 2176 1134 2221 Quod
1252 2174 1490 2222 chipresbyter
1517 2171 1702 2209 Musellius
1714 2197 1723 2205 .

375 2241 483 2277 quum
522 2225 717 2267 considero,
746 2239 832 2274 quae
869 2236 968 2262 antea
1000 2239 1133 2261 memo—
1303 2224 1419 2260 Prima
1462 2223 1563 2259 Bulla
1609 2220 1772 2257 Plumbea
1815 2220 1853 2256 in
1894 2221 2011 2259 antica

373 2289 447 2315 rata
486 2277 574 2312 mihi
611 2275 703 2311 fuere
730 2277 771 2311 de
808 2276 973 2313 facultate
1010 2277 1133 2313 Bullae
1249 2274 1308 2310 has
1332 2273 1475 2309 exhibet
1498 2273 1638 2308 literas:
1670 2273 1758 2308 IOH
1783 2273 1850 2307 ET
1875 2273 2010 2308 DECI-

373 2329 562 2366 Plumbeae
581 2326 733 2361 concessa
756 2327 935 2375 privilegii
956 2328 1035 2362 loco
1058 2329 1130 2363 Du·
1179 2325 1207 2358 B
1249 2326 1370 2361 BILIS
1398 2326 1426 2358 V
1456 2325 1544 2372 PA3
1570 2322 1829 2367 idestsobannes
1843 2350 1853 2366 ,
1873 2322 1919 2360 c&
1940 2325 2010 2358 De-

372 2381 470 2415 cibus
499 2378 667 2415 Venetis,
696 2375 733 2412 &
770 2377 924 2412 Civitati
964 2376 1131 2420 Lucensi,
1246 2375 1349 2410 cibilis
1389 2375 1458 2408 Viri
1494 2374 1649 2409 patricii.
1687 2373 1726 2408 In
1767 2373 1892 2421 postica
1928 2374 2008 2409 SCS

370 2430 434 2466 vix
458 2429 545 2473 apud
564 2441 618 2463 me
634 2426 736 2463 fidem
755 2428 912 2462 obtinere
936 2426 1129 2475 incipiant.
1246 2426 1496 2461 ERASMVS.
1541 2424 1597 2459 Ad
1635 2423 1785 2459 Illustres
1825 2423 2006 2471 Principes

369 2482 404 2516 Si
444 2480 537 2515 enim
577 2478 610 2514 id
649 2477 754 2513 licuit
792 2477 982 2514 Nobilibus
1020 2476 1128 2519 viris,
1245 2476 1398 2524 pertinet
1424 2475 1508 2510 haec
1535 2476 1658 2514 Bulla,
1684 2474 1853 2511 videlicet
1879 2474 1920 2510 ad
1938 2477 2006 2518 Je-

368 2545 430 2568 cur
456 2543 527 2566 non
553 2530 587 2565 &
618 2527 861 2578 Principibus,
888 2528 1008 2576 quales
1035 2526 1128 2563 fuere
1243 2526 1399 2572 hannem,
1429 2538 1469 2562 ae
1504 2526 1678 2562 Decibilem
1712 2525 1844 2574 Cajetae
1860 2527 2002 2612 LDum‘

1895 2586 1954 2609 eo·

380 1928 527 1962 tendum
564 1924 610 1959 est
646 1925 681 1958 in
713 1923 879 1971 praesenti
914 1931 1140 1971 argumento,
