<?xml version="1.0" encoding="UTF-8"?>
<!DOCTYPE html PUBLIC "-//W3C//DTD XHTML 1.0 Transitional//EN"
    "http://www.w3.org/TR/xhtml1/DTD/xhtml1-transitional.dtd">
<html xmlns="http://www.w3.org/1999/xhtml" xml:lang="en" lang="en">
 <head>
  <title>
</title>
<meta http-equiv="Content-Type" content="text/html;charset=utf-8" />
  <meta name='ocr-system' content='tesseract 3.04.00' />
  <meta name='ocr-capabilities' content='ocr_page ocr_carea ocr_par ocr_line ocrx_word'/>
</head>
<body>
  <div class='ocr_page' id='page_1' title='image "antiquitatesital07mura_0020.png"; bbox 0 0 2232 3089; ppageno 0'>
   <div class='ocr_carea' id='block_1_1' title="bbox 507 144 1670 205">
    <p class='ocr_par' dir='ltr' id='par_1_1' title="bbox 507 144 1670 205">
     <span class='ocr_line' id='line_1_1' title="bbox 507 144 1670 205; baseline 0.002 -15"><span class='ocrx_word' id='word_1_1' title='bbox 507 164 555 205; x_wconf 78' lang='lat'>13</span> <span class='ocrx_word' id='word_1_2' title='bbox 843 145 1215 205; x_wconf 56' lang='lat' dir='ltr'>ANTJQUJT.</span> <span class='ocrx_word' id='word_1_3' title='bbox 1254 144 1473 191; x_wconf 78' lang='lat' dir='ltr'><em>MEDJJ</em></span> <span class='ocrx_word' id='word_1_4' title='bbox 1506 147 1670 193; x_wconf 75' lang='lat' dir='ltr'><em>AEVt</em></span> 
     </span>
    </p>
   </div>
   <div class='ocr_carea' id='block_1_2' title="bbox 436 205 1205 2535">
    <p class='ocr_par' dir='ltr' id='par_1_2' title="bbox 436 205 1205 2535">
     <span class='ocr_line' id='line_1_2' title="bbox 440 205 1203 256; baseline -0.004 -13"><span class='ocrx_word' id='word_1_5' title='bbox 440 206 742 256; x_wconf 68' lang='lat' dir='ltr'>amp1e9cebantur</span> <span class='ocrx_word' id='word_1_6' title='bbox 778 206 868 244; x_wconf 88' lang='lat' dir='ltr'>olim</span> <span class='ocrx_word' id='word_1_7' title='bbox 896 210 1032 244; x_wconf 83' lang='lat' dir='ltr'>oblatas</span> <span class='ocrx_word' id='word_1_8' title='bbox 1070 207 1131 242; x_wconf 89' lang='lat' dir='ltr'>fibi</span> <span class='ocrx_word' id='word_1_9' title='bbox 1161 205 1203 240; x_wconf 89' lang='lat' dir='ltr'>ab</span> 
     </span>
     <span class='ocr_line' id='line_1_3' title="bbox 440 257 1204 305; baseline -0.004 -11"><span class='ocrx_word' id='word_1_10' title='bbox 440 259 520 294; x_wconf 87' lang='lat' dir='ltr'>aliis</span> <span class='ocrx_word' id='word_1_11' title='bbox 546 257 698 294; x_wconf 84' lang='lat' dir='ltr'>Chartas</span> <span class='ocrx_word' id='word_1_12' title='bbox 726 257 879 305; x_wconf 88' lang='lat' dir='ltr'>spurias,</span> <span class='ocrx_word' id='word_1_13' title='bbox 904 269 964 295; x_wconf 88' lang='lat' dir='ltr'>aut</span> <span class='ocrx_word' id='word_1_14' title='bbox 992 259 1139 294; x_wconf 86' lang='lat' dir='ltr'>scienter</span> <span class='ocrx_word' id='word_1_15' title='bbox 1166 269 1204 291; x_wconf 90' lang='lat' dir='ltr'>ac</span> 
     </span>
     <span class='ocr_line' id='line_1_4' title="bbox 443 309 1203 356; baseline -0.004 -12"><span class='ocrx_word' id='word_1_16' title='bbox 443 309 523 344; x_wconf 62' lang='lat' dir='ltr'>data</span> <span class='ocrx_word' id='word_1_17' title='bbox 549 310 651 356; x_wconf 65' lang='lat' dir='ltr'>opera</span> <span class='ocrx_word' id='word_1_18' title='bbox 679 322 788 344; x_wconf 89' lang='lat' dir='ltr'>novas</span> <span class='ocrx_word' id='word_1_19' title='bbox 824 309 860 345; x_wconf 89' lang='lat' dir='ltr'>in</span> <span class='ocrx_word' id='word_1_20' title='bbox 890 311 1008 345; x_wconf 90' lang='lat' dir='ltr'>locum</span> <span class='ocrx_word' id='word_1_21' title='bbox 1046 318 1203 344; x_wconf 90' lang='lat' dir='ltr'>veterum</span> 
     </span>
     <span class='ocr_line' id='line_1_5' title="bbox 442 358 1204 397; baseline -0.005 -1"><span class='ocrx_word' id='word_1_22' title='bbox 442 359 711 396; x_wconf 87' lang='lat' dir='ltr'>substituebant.</span> <span class='ocrx_word' id='word_1_23' title='bbox 749 360 812 396; x_wconf 86' lang='lat' dir='ltr'>Sed</span> <span class='ocrx_word' id='word_1_24' title='bbox 849 360 887 397; x_wconf 72' lang='grc' dir='ltr'>ὅ(</span> <span class='ocrx_word' id='word_1_25' title='bbox 925 360 987 396; x_wconf 91' lang='lat' dir='ltr'>alii</span> <span class='ocrx_word' id='word_1_26' title='bbox 1025 359 1138 397; x_wconf 84' lang='lat' dir='ltr'>fuere,</span> <span class='ocrx_word' id='word_1_27' title='bbox 1166 358 1204 392; x_wconf 89' lang='lat' dir='ltr'>in</span> 
     </span>
     <span class='ocr_line' id='line_1_6' title="bbox 442 408 1203 459; baseline -0.004 -13"><span class='ocrx_word' id='word_1_28' title='bbox 442 411 569 458; x_wconf 83' lang='lat' dir='ltr'>quibus</span> <span class='ocrx_word' id='word_1_29' title='bbox 599 410 755 459; x_wconf 87' lang='lat' dir='ltr'>perversa</span> <span class='ocrx_word' id='word_1_30' title='bbox 787 411 929 447; x_wconf 83' lang='lat' dir='ltr'>confilia</span> <span class='ocrx_word' id='word_1_31' title='bbox 967 409 1129 458; x_wconf 80' lang='lat' dir='ltr'>suspicari</span> <span class='ocrx_word' id='word_1_32' title='bbox 1159 408 1203 444; x_wconf 89' lang='lat' dir='ltr'>li-</span> 
     </span>
     <span class='ocr_line' id='line_1_7' title="bbox 442 460 1204 509; baseline -0.003 -13"><span class='ocrx_word' id='word_1_33' title='bbox 442 471 540 500; x_wconf 84' lang='lat' dir='ltr'>ceat,</span> <span class='ocrx_word' id='word_1_34' title='bbox 568 461 661 509; x_wconf 85' lang='lat' dir='ltr'>quod</span> <span class='ocrx_word' id='word_1_35' title='bbox 698 463 826 508; x_wconf 86' lang='lat' dir='ltr'>apertis</span> <span class='ocrx_word' id='word_1_36' title='bbox 853 462 966 498; x_wconf 87' lang='lat' dir='ltr'>oculis</span> <span class='ocrx_word' id='word_1_37' title='bbox 1003 460 1204 496; x_wconf 86' lang='lat' dir='ltr'>fraudulen-</span> 
     </span>
     <span class='ocr_line' id='line_1_8' title="bbox 442 511 1203 561; baseline -0.001 -15"><span class='ocrx_word' id='word_1_38' title='bbox 442 522 494 547; x_wconf 80' lang='lat' dir='ltr'>tas</span> <span class='ocrx_word' id='word_1_39' title='bbox 518 511 683 560; x_wconf 84' lang='lat' dir='ltr'>falsasque</span> <span class='ocrx_word' id='word_1_40' title='bbox 705 522 864 561; x_wconf 86' lang='lat' dir='ltr'>pararent</span> <span class='ocrx_word' id='word_1_41' title='bbox 884 513 1123 551; x_wconf 86' lang='lat' dir='ltr'>membranas,</span> <span class='ocrx_word' id='word_1_42' title='bbox 1143 518 1203 546; x_wconf 85' lang='lat' dir='ltr'>aut</span> 
     </span>
     <span class='ocr_line' id='line_1_9' title="bbox 441 562 1203 600; baseline -0.001 -3"><span class='ocrx_word' id='word_1_43' title='bbox 441 562 504 598; x_wconf 82' lang='lat' dir='ltr'>fibi</span> <span class='ocrx_word' id='word_1_44' title='bbox 532 564 573 597; x_wconf 82' lang='lat' dir='ltr'>ab</span> <span class='ocrx_word' id='word_1_45' title='bbox 610 563 691 597; x_wconf 87' lang='lat' dir='ltr'>aliis</span> <span class='ocrx_word' id='word_1_46' title='bbox 722 562 985 600; x_wconf 89' lang='lat' dir='ltr'>conscribendas</span> <span class='ocrx_word' id='word_1_47' title='bbox 1022 570 1203 600; x_wconf 83' lang='lat' dir='ltr'>curarent,</span> 
     </span>
     <span class='ocr_line' id='line_1_10' title="bbox 442 613 1200 662; baseline -0.001 -14"><span class='ocrx_word' id='word_1_48' title='bbox 442 622 481 648; x_wconf 86' lang='lat' dir='ltr'>ut</span> <span class='ocrx_word' id='word_1_49' title='bbox 509 623 569 649; x_wconf 86' lang='lat' dir='ltr'>aut</span> <span class='ocrx_word' id='word_1_50' title='bbox 597 614 687 649; x_wconf 85' lang='lat' dir='ltr'>male</span> <span class='ocrx_word' id='word_1_51' title='bbox 724 623 821 662; x_wconf 85' lang='lat' dir='ltr'>parta</span> <span class='ocrx_word' id='word_1_52' title='bbox 849 613 1010 650; x_wconf 72' lang='lat' dir='ltr'>confiffis</span> <span class='ocrx_word' id='word_1_53' title='bbox 1039 613 1083 649; x_wconf 89' lang='lat' dir='ltr'>iis</span> <span class='ocrx_word' id='word_1_54' title='bbox 1114 613 1200 648; x_wconf 91' lang='lat' dir='ltr'>titu-</span> 
     </span>
     <span class='ocr_line' id='line_1_11' title="bbox 441 663 1202 708; baseline -0.001 -9"><span class='ocrx_word' id='word_1_55' title='bbox 441 664 487 699; x_wconf 86' lang='lat' dir='ltr'>lis</span> <span class='ocrx_word' id='word_1_56' title='bbox 524 672 726 708; x_wconf 83' lang='lat' dir='ltr'>tuerentur,</span> <span class='ocrx_word' id='word_1_57' title='bbox 754 674 814 700; x_wconf 85' lang='lat' dir='ltr'>aut</span> <span class='ocrx_word' id='word_1_58' title='bbox 850 665 1061 702; x_wconf 86' lang='lat' dir='ltr'>ementitum</span> <span class='ocrx_word' id='word_1_59' title='bbox 1099 663 1202 699; x_wconf 90' lang='lat' dir='ltr'>decus</span> 
     </span>
     <span class='ocr_line' id='line_1_12' title="bbox 440 713 1202 763; baseline 0 -14"><span class='ocrx_word' id='word_1_60' title='bbox 440 714 523 750; x_wconf 90' lang='lat' dir='ltr'>inde</span> <span class='ocrx_word' id='word_1_61' title='bbox 560 713 622 750; x_wconf 87' lang='lat' dir='ltr'>fibi</span> <span class='ocrx_word' id='word_1_62' title='bbox 660 727 902 763; x_wconf 86' lang='lat' dir='ltr'>procurarent.</span> <span class='ocrx_word' id='word_1_63' title='bbox 941 719 1132 763; x_wconf 84' lang='lat' dir='ltr'><strong>Nunquam</strong></span> <span class='ocrx_word' id='word_1_64' title='bbox 1166 727 1202 750; x_wconf 87' lang='lat' dir='ltr'>e-</span> 
     </span>
     <span class='ocr_line' id='line_1_13' title="bbox 437 764 1201 815; baseline 0.001 -16"><span class='ocrx_word' id='word_1_65' title='bbox 437 765 514 800; x_wconf 80' lang='lat' dir='ltr'>nim</span> <span class='ocrx_word' id='word_1_66' title='bbox 541 764 721 801; x_wconf 80' lang='lat' dir='ltr'>defiderati</span> <span class='ocrx_word' id='word_1_67' title='bbox 747 766 845 806; x_wconf 86' lang='lat' dir='ltr'>sunt,</span> <span class='ocrx_word' id='word_1_68' title='bbox 872 767 934 815; x_wconf 90' lang='lat' dir='ltr'>qui</span> <span class='ocrx_word' id='word_1_69' title='bbox 962 767 1040 802; x_wconf 90' lang='lat' dir='ltr'>suae</span> <span class='ocrx_word' id='word_1_70' title='bbox 1064 764 1201 815; x_wconf 84' lang='lat' dir='ltr'>gentis,</span> 
     </span>
     <span class='ocr_line' id='line_1_14' title="bbox 440 813 1200 865; baseline 0.004 -16"><span class='ocrx_word' id='word_1_71' title='bbox 440 814 502 862; x_wconf 73' lang='lat' dir='ltr'>qui</span> <span class='ocrx_word' id='word_1_72' title='bbox 540 813 590 850; x_wconf 88' lang='lat' dir='ltr'>sui</span> <span class='ocrx_word' id='word_1_73' title='bbox 627 826 746 851; x_wconf 88' lang='lat' dir='ltr'>coetus</span> <span class='ocrx_word' id='word_1_74' title='bbox 790 827 893 864; x_wconf 90' lang='lat' dir='ltr'>atque</span> <span class='ocrx_word' id='word_1_75' title='bbox 931 816 1102 865; x_wconf 86' lang='lat' dir='ltr'>collegii,</span> <span class='ocrx_word' id='word_1_76' title='bbox 1139 815 1200 864; x_wconf 88' lang='lat' dir='ltr'>qui</span> 
     </span>
     <span class='ocr_line' id='line_1_15' title="bbox 440 864 1201 915; baseline 0.003 -15"><span class='ocrx_word' id='word_1_77' title='bbox 440 864 589 912; x_wconf 66' lang='lat' dir='ltr'>denique</span> <span class='ocrx_word' id='word_1_78' title='bbox 634 866 804 903; x_wconf 73' lang='lat' dir='ltr'>Familiae</span> <span class='ocrx_word' id='word_1_79' title='bbox 847 867 950 913; x_wconf 86' lang='lat' dir='ltr'>suae,</span> <span class='ocrx_word' id='word_1_80' title='bbox 992 867 1201 915; x_wconf 88' lang='lat' dir='ltr'>suorumque</span> 
     </span>
     <span class='ocr_line' id='line_1_16' title="bbox 440 915 1201 968; baseline 0.001 -17"><span class='ocrx_word' id='word_1_81' title='bbox 440 915 622 963; x_wconf 81' lang='lat' dir='ltr'>Majorum</span> <span class='ocrx_word' id='word_1_82' title='bbox 671 917 873 966; x_wconf 79' lang='lat' dir='ltr'>originem,</span> <span class='ocrx_word' id='word_1_83' title='bbox 915 918 1201 968; x_wconf 80' lang='lat' dir='ltr'>praerogativas,</span> 
     </span>
     <span class='ocr_line' id='line_1_17' title="bbox 440 966 1196 1017; baseline 0.005 -17"><span class='ocrx_word' id='word_1_84' title='bbox 440 966 690 1007; x_wconf 80' lang='lat' dir='ltr'>nobilitatem,</span> <span class='ocrx_word' id='word_1_85' title='bbox 721 968 874 1017; x_wconf 85' lang='lat' dir='ltr'>aliasque</span> <span class='ocrx_word' id='word_1_86' title='bbox 910 971 1009 1006; x_wconf 88' lang='lat' dir='ltr'>dotes</span> <span class='ocrx_word' id='word_1_87' title='bbox 1047 967 1196 1016; x_wconf 82' lang='lat' dir='ltr'>amplifi-</span> 
     </span>
     <span class='ocr_line' id='line_1_18' title="bbox 440 1017 1199 1068; baseline 0.009 -18"><span class='ocrx_word' id='word_1_88' title='bbox 440 1026 534 1051; x_wconf 78' lang='lat' dir='ltr'>catas</span> <span class='ocrx_word' id='word_1_89' title='bbox 563 1018 653 1053; x_wconf 89' lang='lat' dir='ltr'>ultra</span> <span class='ocrx_word' id='word_1_90' title='bbox 686 1031 834 1066; x_wconf 89' lang='lat' dir='ltr'>aequum</span> <span class='ocrx_word' id='word_1_91' title='bbox 867 1020 1132 1068; x_wconf 79' lang='lat' dir='ltr'>concupierint,</span> <span class='ocrx_word' id='word_1_92' title='bbox 1161 1017 1199 1053; x_wconf 83' lang='lat' dir='ltr'>fi-</span> 
     </span>
     <span class='ocr_line' id='line_1_19' title="bbox 438 1067 1202 1117; baseline 0.003 -15"><span class='ocrx_word' id='word_1_93' title='bbox 438 1067 545 1114; x_wconf 80' lang='lat' dir='ltr'>bique</span> <span class='ocrx_word' id='word_1_94' title='bbox 561 1068 728 1117; x_wconf 85' lang='lat' dir='ltr'>religioni</span> <span class='ocrx_word' id='word_1_95' title='bbox 750 1069 898 1107; x_wconf 89' lang='lat' dir='ltr'>minime</span> <span class='ocrx_word' id='word_1_96' title='bbox 913 1071 1101 1110; x_wconf 84' lang='lat' dir='ltr'>duxerint,</span> <span class='ocrx_word' id='word_1_97' title='bbox 1118 1083 1202 1105; x_wconf 92' lang='lat' dir='ltr'>con-</span> 
     </span>
     <span class='ocr_line' id='line_1_20' title="bbox 437 1116 1201 1171; baseline 0.005 -19"><span class='ocrx_word' id='word_1_98' title='bbox 437 1116 531 1153; x_wconf 56' lang='lat' dir='ltr'>fietis</span> <span class='ocrx_word' id='word_1_99' title='bbox 559 1118 666 1155; x_wconf 82' lang='lat' dir='ltr'>etiam</span> <span class='ocrx_word' id='word_1_100' title='bbox 696 1120 825 1157; x_wconf 86' lang='lat' dir='ltr'>tabulis</span> <span class='ocrx_word' id='word_1_101' title='bbox 855 1123 992 1171; x_wconf 89' lang='lat' dir='ltr'>Populo</span> <span class='ocrx_word' id='word_1_102' title='bbox 1023 1119 1201 1171; x_wconf 84' lang='lat' dir='ltr'>persuade-</span> 
     </span>
     <span class='ocr_line' id='line_1_21' title="bbox 438 1169 1198 1221; baseline 0.005 -18"><span class='ocrx_word' id='word_1_103' title='bbox 438 1181 498 1210; x_wconf 82' lang='lat' dir='ltr'>re,</span> <span class='ocrx_word' id='word_1_104' title='bbox 535 1169 629 1216; x_wconf 88' lang='lat' dir='ltr'>quod</span> <span class='ocrx_word' id='word_1_105' title='bbox 666 1171 757 1206; x_wconf 87' lang='lat' dir='ltr'>veris</span> <span class='ocrx_word' id='word_1_106' title='bbox 795 1173 960 1221; x_wconf 85' lang='lat' dir='ltr'>praestare</span> <span class='ocrx_word' id='word_1_107' title='bbox 995 1185 1065 1208; x_wconf 89' lang='lat' dir='ltr'>non</span> <span class='ocrx_word' id='word_1_108' title='bbox 1103 1179 1198 1220; x_wconf 88' lang='lat' dir='ltr'>pote—</span> 
     </span>
     <span class='ocr_line' id='line_1_22' title="bbox 437 1221 1198 1259; baseline 0.004 -6"><span class='ocrx_word' id='word_1_109' title='bbox 437 1228 537 1254; x_wconf 76' lang='lat' dir='ltr'>rant.</span> <span class='ocrx_word' id='word_1_110' title='bbox 561 1221 614 1255; x_wconf 86' lang='lat' dir='ltr'>Ita</span> <span class='ocrx_word' id='word_1_111' title='bbox 638 1221 671 1256; x_wconf 68' lang='grc' dir='ltr'>ἃ</span> <span class='ocrx_word' id='word_1_112' title='bbox 693 1223 782 1258; x_wconf 86' lang='lat' dir='ltr'>alios</span> <span class='ocrx_word' id='word_1_113' title='bbox 803 1224 844 1259; x_wconf 90' lang='lat' dir='ltr'>ad</span> <span class='ocrx_word' id='word_1_114' title='bbox 869 1223 996 1259; x_wconf 84' lang='lat' dir='ltr'>infelix</span> <span class='ocrx_word' id='word_1_115' title='bbox 1018 1223 1110 1258; x_wconf 89' lang='lat' dir='ltr'>idem</span> <span class='ocrx_word' id='word_1_116' title='bbox 1136 1221 1198 1256; x_wconf 84' lang='lat' dir='ltr'>stu-</span> 
     </span>
     <span class='ocr_line' id='line_1_23' title="bbox 438 1269 1201 1313; baseline 0.005 -10"><span class='ocrx_word' id='word_1_117' title='bbox 438 1269 535 1304; x_wconf 80' lang='lat' dir='ltr'>dium</span> <span class='ocrx_word' id='word_1_118' title='bbox 565 1270 739 1307; x_wconf 81' lang='lat' dir='ltr'>excitavit</span> <span class='ocrx_word' id='word_1_119' title='bbox 775 1273 887 1313; x_wconf 86' lang='lat' dir='ltr'>lucri,</span> <span class='ocrx_word' id='word_1_120' title='bbox 916 1273 954 1310; x_wconf 72' lang='grc' dir='ltr'>ὃ(</span> <span class='ocrx_word' id='word_1_121' title='bbox 992 1274 1122 1309; x_wconf 81' lang='lat' dir='ltr'>alienas</span> <span class='ocrx_word' id='word_1_122' title='bbox 1151 1285 1201 1307; x_wconf 90' lang='lat' dir='ltr'>res</span> 
     </span>
     <span class='ocr_line' id='line_1_24' title="bbox 436 1319 1200 1372; baseline 0.004 -18"><span class='ocrx_word' id='word_1_123' title='bbox 436 1319 659 1363; x_wconf 80' lang='lat' dir='ltr'>invadendi,</span> <span class='ocrx_word' id='word_1_124' title='bbox 701 1331 762 1357; x_wconf 89' lang='lat' dir='ltr'>aut</span> <span class='ocrx_word' id='word_1_125' title='bbox 800 1326 892 1359; x_wconf 75' lang='lat' dir='ltr'>male</span> <span class='ocrx_word' id='word_1_126' title='bbox 934 1332 1031 1372; x_wconf 84' lang='lat' dir='ltr'>parta</span> <span class='ocrx_word' id='word_1_127' title='bbox 1065 1322 1200 1358; x_wconf 89' lang='lat' dir='ltr'>conser-</span> 
     </span>
     <span class='ocr_line' id='line_1_25' title="bbox 437 1368 1200 1420; baseline 0.005 -17"><span class='ocrx_word' id='word_1_128' title='bbox 437 1368 542 1404; x_wconf 72' lang='lat' dir='ltr'>vandi</span> <span class='ocrx_word' id='word_1_129' title='bbox 572 1370 770 1418; x_wconf 81' lang='lat' dir='ltr'>cupiditas:</span> <span class='ocrx_word' id='word_1_130' title='bbox 801 1386 820 1409; x_wconf 83' lang='lat' dir='ltr'>a</span> <span class='ocrx_word' id='word_1_131' title='bbox 854 1387 921 1420; x_wconf 87' lang='lat' dir='ltr'>qua</span> <span class='ocrx_word' id='word_1_132' title='bbox 949 1375 1027 1409; x_wconf 90' lang='lat' dir='ltr'>labe</span> <span class='ocrx_word' id='word_1_133' title='bbox 1065 1387 1107 1408; x_wconf 90' lang='lat' dir='ltr'>ne</span> <span class='ocrx_word' id='word_1_134' title='bbox 1139 1386 1200 1407; x_wconf 86' lang='lat' dir='ltr'>no-</span> 
     </span>
     <span class='ocr_line' id='line_1_26' title="bbox 436 1419 1202 1470; baseline 0 -15"><span class='ocrx_word' id='word_1_135' title='bbox 436 1420 500 1455; x_wconf 79' lang='lat' dir='ltr'>stra</span> <span class='ocrx_word' id='word_1_136' title='bbox 525 1419 668 1466; x_wconf 82' lang='lat' dir='ltr'>quidem</span> <span class='ocrx_word' id='word_1_137' title='bbox 692 1423 812 1457; x_wconf 85' lang='lat' dir='ltr'>Secula</span> <span class='ocrx_word' id='word_1_138' title='bbox 834 1423 1010 1458; x_wconf 88' lang='lat' dir='ltr'>immunia</span> <span class='ocrx_word' id='word_1_139' title='bbox 1037 1423 1202 1470; x_wconf 84' lang='lat' dir='ltr'>praestare</span> 
     </span>
     <span class='ocr_line' id='line_1_27' title="bbox 436 1467 1200 1520; baseline 0.004 -17"><span class='ocrx_word' id='word_1_140' title='bbox 436 1467 619 1517; x_wconf 71' lang='lat' dir='ltr'>quisquam</span> <span class='ocrx_word' id='word_1_141' title='bbox 665 1470 827 1507; x_wconf 88' lang='lat' dir='ltr'>audebit.</span> <span class='ocrx_word' id='word_1_142' title='bbox 874 1473 1013 1508; x_wconf 81' lang='lat' dir='ltr'>Multae</span> <span class='ocrx_word' id='word_1_143' title='bbox 1059 1471 1200 1520; x_wconf 88' lang='lat' dir='ltr'>quidem</span> 
     </span>
     <span class='ocr_line' id='line_1_28' title="bbox 436 1520 1201 1569; baseline 0.004 -15"><span class='ocrx_word' id='word_1_144' title='bbox 436 1533 567 1569; x_wconf 84' lang='lat' dir='ltr'>poenae</span> <span class='ocrx_word' id='word_1_145' title='bbox 594 1520 683 1555; x_wconf 86' lang='lat' dir='ltr'>olim</span> <span class='ocrx_word' id='word_1_146' title='bbox 713 1521 877 1558; x_wconf 81' lang='lat' dir='ltr'>Falsariis</span> <span class='ocrx_word' id='word_1_147' title='bbox 904 1522 1058 1559; x_wconf 61' lang='lat' dir='ltr'>indifiae</span> <span class='ocrx_word' id='word_1_148' title='bbox 1087 1522 1201 1564; x_wconf 86' lang='lat' dir='ltr'>fuere,</span> 
     </span>
     <span class='ocr_line' id='line_1_29' title="bbox 439 1570 1183 1622; baseline 0.001 -16"><span class='ocrx_word' id='word_1_149' title='bbox 439 1570 477 1606; x_wconf 66' lang='grc' dir='ltr'><strong>δί</strong></span> <span class='ocrx_word' id='word_1_150' title='bbox 515 1570 609 1605; x_wconf 84' lang='lat' dir='ltr'>inter</span> <span class='ocrx_word' id='word_1_151' title='bbox 645 1573 756 1618; x_wconf 81' lang='lat' dir='ltr'>Leges</span> <span class='ocrx_word' id='word_1_152' title='bbox 794 1574 1078 1622; x_wconf 81' lang='lat' dir='ltr'>Langobardicas</span> <span class='ocrx_word' id='word_1_153' title='bbox 1113 1573 1183 1608; x_wconf 90' lang='lat' dir='ltr'>Gui</span> 
     </span>
     <span class='ocr_line' id='line_1_30' title="bbox 437 1621 1202 1669; baseline 0.004 -14"><span class='ocrx_word' id='word_1_154' title='bbox 437 1621 539 1656; x_wconf 82' lang='lat' dir='ltr'>donis</span> <span class='ocrx_word' id='word_1_155' title='bbox 579 1622 752 1669; x_wconf 81' lang='lat' dir='ltr'>Augusti,</span> <span class='ocrx_word' id='word_1_156' title='bbox 790 1622 826 1659; x_wconf 86' lang='lat'>&amp;</span> <span class='ocrx_word' id='word_1_157' title='bbox 867 1633 999 1661; x_wconf 85' lang='lat' dir='ltr'>veteres</span> <span class='ocrx_word' id='word_1_158' title='bbox 1035 1624 1202 1659; x_wconf 84' lang='lat' dir='ltr'>formulas</span> 
     </span>
     <span class='ocr_line' id='line_1_31' title="bbox 438 1671 1203 1711; baseline 0.003 -4"><span class='ocrx_word' id='word_1_159' title='bbox 438 1671 490 1707; x_wconf 84' lang='lat' dir='ltr'>ibi</span> <span class='ocrx_word' id='word_1_160' title='bbox 529 1685 547 1707; x_wconf 83' lang='lat' dir='ltr'>a</span> <span class='ocrx_word' id='word_1_161' title='bbox 584 1684 639 1707; x_wconf 90' lang='lat' dir='ltr'>me</span> <span class='ocrx_word' id='word_1_162' title='bbox 676 1672 785 1709; x_wconf 83' lang='lat' dir='ltr'>editas</span> <span class='ocrx_word' id='word_1_163' title='bbox 825 1675 917 1710; x_wconf 82' lang='lat' dir='ltr'>Part.</span> <span class='ocrx_word' id='word_1_164' title='bbox 955 1677 1000 1711; x_wconf 87' lang='grc' dir='ltr'>Π.</span> <span class='ocrx_word' id='word_1_165' title='bbox 1038 1677 1146 1711; x_wconf 86' lang='lat' dir='ltr'>Tom.</span> <span class='ocrx_word' id='word_1_166' title='bbox 1177 1676 1203 1709; x_wconf 92' lang='lat' dir='ltr'>I.</span> 
     </span>
     <span class='ocr_line' id='line_1_32' title="bbox 438 1722 1203 1770; baseline 0.004 -14"><span class='ocrx_word' id='word_1_167' title='bbox 438 1725 519 1756; x_wconf 81' lang='lat' dir='ltr'>Rcr.</span> <span class='ocrx_word' id='word_1_168' title='bbox 543 1722 765 1765; x_wconf 82' lang='lat' dir='ltr'>Italicarum,</span> <span class='ocrx_word' id='word_1_169' title='bbox 782 1737 889 1770; x_wconf 91' lang='lat' dir='ltr'>quum</span> <span class='ocrx_word' id='word_1_170' title='bbox 910 1726 1053 1761; x_wconf 84' lang='lat' dir='ltr'>Notarii</span> <span class='ocrx_word' id='word_1_171' title='bbox 1071 1724 1178 1760; x_wconf 86' lang='lat' dir='ltr'>dolofi</span> <span class='ocrx_word' id='word_1_172' title='bbox 1193 1751 1203 1767; x_wconf 91' lang='lat'>,</span> 
     </span>
     <span class='ocr_line' id='line_1_33' title="bbox 438 1769 1201 1817; baseline 0.005 -12"><span class='ocrx_word' id='word_1_173' title='bbox 438 1781 514 1805; x_wconf 77' lang='lat' dir='ltr'>tum</span> <span class='ocrx_word' id='word_1_174' title='bbox 544 1769 632 1805; x_wconf 84' lang='lat' dir='ltr'>falsis</span> <span class='ocrx_word' id='word_1_175' title='bbox 663 1770 810 1808; x_wconf 80' lang='lat' dir='ltr'>Chattis</span> <span class='ocrx_word' id='word_1_176' title='bbox 848 1783 1007 1817; x_wconf 86' lang='lat' dir='ltr'>utentes,</span> <span class='ocrx_word' id='word_1_177' title='bbox 1035 1775 1201 1809; x_wconf 85' lang='lat' dir='ltr'>damnan—</span> 
     </span>
     <span class='ocr_line' id='line_1_34' title="bbox 439 1821 1203 1873; baseline 0.008 -18"><span class='ocrx_word' id='word_1_178' title='bbox 439 1831 519 1856; x_wconf 81' lang='lat' dir='ltr'>tur.</span> <span class='ocrx_word' id='word_1_179' title='bbox 555 1821 661 1867; x_wconf 81' lang='lat' dir='ltr'>Quod</span> <span class='ocrx_word' id='word_1_180' title='bbox 691 1821 712 1856; x_wconf 90' lang='lat' dir='ltr'>s1</span> <span class='ocrx_word' id='word_1_181' title='bbox 743 1823 875 1860; x_wconf 82' lang='lat' dir='ltr'>Charta</span> <span class='ocrx_word' id='word_1_182' title='bbox 912 1825 1096 1873; x_wconf 74' lang='lat' dir='ltr'>quaepiam</span> <span class='ocrx_word' id='word_1_183' title='bbox 1127 1824 1203 1872; x_wconf 89' lang='lat' dir='ltr'>spu-</span> 
     </span>
     <span class='ocr_line' id='line_1_35' title="bbox 439 1873 1203 1917; baseline 0.005 -10"><span class='ocrx_word' id='word_1_184' title='bbox 439 1873 492 1907; x_wconf 81' lang='lat' dir='ltr'>ria</span> <span class='ocrx_word' id='word_1_185' title='bbox 520 1880 599 1908; x_wconf 85' lang='lat' dir='ltr'>ante</span> <span class='ocrx_word' id='word_1_186' title='bbox 626 1873 764 1917; x_wconf 86' lang='lat' dir='ltr'>Judices</span> <span class='ocrx_word' id='word_1_187' title='bbox 794 1874 908 1910; x_wconf 87' lang='lat' dir='ltr'>delata</span> <span class='ocrx_word' id='word_1_188' title='bbox 944 1875 1076 1912; x_wconf 84' lang='lat' dir='ltr'>vitium</span> <span class='ocrx_word' id='word_1_189' title='bbox 1106 1875 1203 1911; x_wconf 87' lang='lat' dir='ltr'>suum</span> 
     </span>
     <span class='ocr_line' id='line_1_36' title="bbox 441 1923 1202 1974; baseline 0.005 -16"><span class='ocrx_word' id='word_1_190' title='bbox 441 1923 633 1971; x_wconf 76' lang='lat' dir='ltr'>prodebat,</span> <span class='ocrx_word' id='word_1_191' title='bbox 661 1924 919 1974; x_wconf 84' lang='lat' dir='ltr'>perforabatur‚</span> <span class='ocrx_word' id='word_1_192' title='bbox 946 1935 1005 1962; x_wconf 86' lang='lat' dir='ltr'>aut</span> <span class='ocrx_word' id='word_1_193' title='bbox 1030 1927 1202 1962; x_wconf 87' lang='lat' dir='ltr'>laceraba-</span> 
     </span>
     <span class='ocr_line' id='line_1_37' title="bbox 441 1975 1201 2017; baseline 0.008 -10"><span class='ocrx_word' id='word_1_194' title='bbox 441 1982 523 2017; x_wconf 77' lang='lat' dir='ltr'>tur,</span> <span class='ocrx_word' id='word_1_195' title='bbox 560 1983 603 2008; x_wconf 88' lang='lat' dir='ltr'>ne</span> <span class='ocrx_word' id='word_1_196' title='bbox 644 1975 682 2009; x_wconf 88' lang='lat' dir='ltr'>in</span> <span class='ocrx_word' id='word_1_197' title='bbox 724 1975 908 2012; x_wconf 87' lang='lat' dir='ltr'>hominum</span> <span class='ocrx_word' id='word_1_198' title='bbox 950 1977 1201 2013; x_wconf 84' lang='lat' dir='ltr'>commercium</span> 
     </span>
     <span class='ocr_line' id='line_1_38' title="bbox 442 2024 1203 2074; baseline 0.008 -16"><span class='ocrx_word' id='word_1_199' title='bbox 442 2036 595 2070; x_wconf 88' lang='lat' dir='ltr'>unquam</span> <span class='ocrx_word' id='word_1_200' title='bbox 619 2024 730 2071; x_wconf 75' lang='lat' dir='ltr'>postea</span> <span class='ocrx_word' id='word_1_201' title='bbox 752 2027 974 2074; x_wconf 78' lang='lat' dir='ltr'>remigraret.</span> <span class='ocrx_word' id='word_1_202' title='bbox 997 2027 1089 2064; x_wconf 84' lang='lat' dir='ltr'>Vide</span> <span class='ocrx_word' id='word_1_203' title='bbox 1111 2031 1203 2064; x_wconf 81' lang='lat' dir='ltr'>Part.</span> 
     </span>
     <span class='ocr_line' id='line_1_39' title="bbox 439 2074 1201 2127; baseline 0.009 -18"><span class='ocrx_word' id='word_1_204' title='bbox 439 2076 489 2110; x_wconf 80' lang='grc' dir='ltr'>ΙΙ.</span> <span class='ocrx_word' id='word_1_205' title='bbox 518 2074 628 2111; x_wconf 83' lang='lat' dir='ltr'>Tomi</span> <span class='ocrx_word' id='word_1_206' title='bbox 661 2077 703 2111; x_wconf 76' lang='grc' dir='ltr'>Π.</span> <span class='ocrx_word' id='word_1_207' title='bbox 730 2078 808 2112; x_wconf 86' lang='lat' dir='ltr'>Rer.</span> <span class='ocrx_word' id='word_1_208' title='bbox 835 2078 986 2114; x_wconf 83' lang='lat' dir='ltr'>Italicar.</span> <span class='ocrx_word' id='word_1_209' title='bbox 1013 2092 1088 2127; x_wconf 85' lang='lat' dir='ltr'>pag.</span> <span class='ocrx_word' id='word_1_210' title='bbox 1119 2082 1201 2125; x_wconf 76' lang='lat'>508.</span> 
     </span>
     <span class='ocr_line' id='line_1_40' title="bbox 436 2125 1200 2166; baseline 0.007 -5"><span class='ocrx_word' id='word_1_211' title='bbox 436 2125 559 2162; x_wconf 86' lang='lat' dir='ltr'>nobile</span> <span class='ocrx_word' id='word_1_212' title='bbox 584 2127 758 2162; x_wconf 84' lang='lat' dir='ltr'>Placitum</span> <span class='ocrx_word' id='word_1_213' title='bbox 787 2130 918 2165; x_wconf 84' lang='lat' dir='ltr'>Romae</span> <span class='ocrx_word' id='word_1_214' title='bbox 943 2129 1101 2166; x_wconf 88' lang='lat' dir='ltr'>habitum</span> <span class='ocrx_word' id='word_1_215' title='bbox 1125 2133 1200 2166; x_wconf 86' lang='lat' dir='ltr'>An-</span> 
     </span>
     <span class='ocr_line' id='line_1_41' title="bbox 438 2176 1197 2226; baseline 0.005 -14"><span class='ocrx_word' id='word_1_216' title='bbox 438 2189 485 2212; x_wconf 79' lang='lat' dir='ltr'>no</span> <span class='ocrx_word' id='word_1_217' title='bbox 506 2176 637 2213; x_wconf 84' lang='lat' dir='ltr'>Christi</span> <span class='ocrx_word' id='word_1_218' title='bbox 667 2179 1004 2215; x_wconf 77' lang='lat' dir='ltr'>DCCCCXCVHL</span> <span class='ocrx_word' id='word_1_219' title='bbox 1031 2195 1091 2226; x_wconf 86' lang='lat' dir='ltr'>pro</span> <span class='ocrx_word' id='word_1_220' title='bbox 1118 2195 1197 2216; x_wconf 88' lang='lat' dir='ltr'>con-</span> 
     </span>
     <span class='ocr_line' id='line_1_42' title="bbox 438 2227 1199 2267; baseline 0.004 -4"><span class='ocrx_word' id='word_1_221' title='bbox 438 2227 605 2264; x_wconf 80' lang='lat' dir='ltr'>troverfia</span> <span class='ocrx_word' id='word_1_222' title='bbox 630 2228 723 2265; x_wconf 88' lang='lat' dir='ltr'>inter</span> <span class='ocrx_word' id='word_1_223' title='bbox 747 2227 945 2267; x_wconf 69' lang='lat' dir='ltr'>Monachus</span> <span class='ocrx_word' id='word_1_224' title='bbox 966 2230 1141 2267; x_wconf 86' lang='lat' dir='ltr'>Farfenses</span> <span class='ocrx_word' id='word_1_225' title='bbox 1167 2233 1199 2266; x_wconf 76' lang='grc' dir='ltr'>δ(</span> 
     </span>
     <span class='ocr_line' id='line_1_43' title="bbox 439 2280 1199 2326; baseline 0.005 -13"><span class='ocrx_word' id='word_1_226' title='bbox 439 2280 664 2326; x_wconf 72' lang='lat' dir='ltr'>Presbyter-os</span> <span class='ocrx_word' id='word_1_227' title='bbox 692 2280 810 2317; x_wconf 71' lang='lat' dir='ltr'>Sanffi</span> <span class='ocrx_word' id='word_1_228' title='bbox 845 2281 1037 2318; x_wconf 85' lang='lat' dir='ltr'>Eustathii.</span> <span class='ocrx_word' id='word_1_229' title='bbox 1065 2281 1199 2318; x_wconf 74' lang='lat' dir='ltr'>falsam</span> 
     </span>
     <span class='ocr_line' id='line_1_44' title="bbox 440 2328 1202 2381; baseline 0.004 -15"><span class='ocrx_word' id='word_1_230' title='bbox 440 2328 611 2367; x_wconf 68' lang='lat' dir='ltr'>Chartam</span> <span class='ocrx_word' id='word_1_231' title='bbox 640 2331 832 2381; x_wconf 86' lang='lat' dir='ltr'>produxere</span> <span class='ocrx_word' id='word_1_232' title='bbox 858 2333 1076 2379; x_wconf 80' lang='lat' dir='ltr'>Presbyteri.</span> <span class='ocrx_word' id='word_1_233' title='bbox 1097 2335 1202 2369; x_wconf 88' lang='lat' dir='ltr'>Tunc</span> 
     </span>
     <span class='ocr_line' id='line_1_45' title="bbox 441 2384 1203 2429; baseline 0.007 -16"><span class='ocrx_word' id='word_1_234' title='bbox 441 2389 562 2418; x_wconf 70' lang='lat' dir='ltr'>tenente</span> <span class='ocrx_word' id='word_1_235' title='bbox 599 2387 719 2420; x_wconf 87' lang='lat' dir='ltr'>Domno</span> <span class='ocrx_word' id='word_1_236' title='bbox 753 2385 884 2420; x_wconf 69' lang='lat' dir='ltr'>Abbate</span> <span class='ocrx_word' id='word_1_237' title='bbox 920 2384 1019 2429; x_wconf 67' lang='lat' dir='ltr'>ipsam</span> <span class='ocrx_word' id='word_1_238' title='bbox 1051 2385 1203 2419; x_wconf 77' lang='lat' dir='ltr'>Chartam</span> 
     </span>
     <span class='ocr_line' id='line_1_46' title="bbox 442 2430 1205 2481; baseline 0.003 -15"><span class='ocrx_word' id='word_1_239' title='bbox 442 2430 476 2465; x_wconf 75' lang='lat' dir='ltr'>in</span> <span class='ocrx_word' id='word_1_240' title='bbox 505 2446 620 2478; x_wconf 82' lang='lat' dir='ltr'>manu,</span> <span class='ocrx_word' id='word_1_241' title='bbox 645 2434 728 2481; x_wconf 64' lang='lat' dir='ltr'>iussb</span> <span class='ocrx_word' id='word_1_242' title='bbox 757 2437 874 2471; x_wconf 82' lang='lat' dir='ltr'>Domm&#39;</span> <span class='ocrx_word' id='word_1_243' title='bbox 901 2435 1015 2470; x_wconf 76' lang='lat' dir='ltr'>Leonis</span> <span class='ocrx_word' id='word_1_244' title='bbox 1042 2435 1120 2469; x_wconf 77' lang='lat' dir='ltr'>tulit</span> <span class='ocrx_word' id='word_1_245' title='bbox 1142 2438 1205 2469; x_wconf 84' lang='lat' dir='ltr'>Leo</span> 
     </span>
     <span class='ocr_line' id='line_1_47' title="bbox 442 2485 1203 2535; baseline 0.005 -18"><span class='ocrx_word' id='word_1_246' title='bbox 442 2485 600 2521; x_wconf 70' lang='lat' dir='ltr'>Arcarius</span> <span class='ocrx_word' id='word_1_247' title='bbox 627 2486 758 2531; x_wconf 69' lang='lat' dir='ltr'>JanRae</span> <span class='ocrx_word' id='word_1_248' title='bbox 786 2485 984 2535; x_wconf 56' lang='lat' dir='ltr'>aspostolicae</span> <span class='ocrx_word' id='word_1_249' title='bbox 1019 2489 1045 2522; x_wconf 82' lang='lat' dir='ltr'><em>S</em></span> <span class='ocrx_word' id='word_1_250' title='bbox 1046 2486 1111 2523; x_wconf 78' lang='lat' dir='ltr'>edis</span> <span class='ocrx_word' id='word_1_251' title='bbox 1137 2486 1203 2522; x_wconf 72' lang='lat' dir='ltr'>cul-</span> 
     </span>
    </p>
   </div>
   <div class='ocr_carea' id='block_1_3' title="bbox 1962 163 2014 200">
    <p class='ocr_par' dir='ltr' id='par_1_3' title="bbox 1962 163 2014 200">
     <span class='ocr_line' id='line_1_48' title="bbox 1962 163 2014 200; baseline 0.038 -2"><span class='ocrx_word' id='word_1_252' title='bbox 1962 163 2014 200; x_wconf 84' lang='lat'>16</span> 
     </span>
    </p>
   </div>
   <div class='ocr_carea' id='block_1_4' title="bbox 1245 206 2075 261">
    <p class='ocr_par' dir='ltr' id='par_1_4' title="bbox 1245 206 2075 261">
     <span class='ocr_line' id='line_1_49' title="bbox 1245 206 2075 261; baseline 0.012 -21"><span class='ocrx_word' id='word_1_253' title='bbox 1245 209 1291 244; x_wconf 69' lang='lat' dir='ltr'>Ar</span> <span class='ocrx_word' id='word_1_254' title='bbox 1311 216 1417 252; x_wconf 76' lang='lat' dir='ltr'>trum,</span> <span class='ocrx_word' id='word_1_255' title='bbox 1444 206 1491 246; x_wconf 72' lang='lat'>&amp;³</span> <span class='ocrx_word' id='word_1_256' title='bbox 1512 207 1641 256; x_wconf 77' lang='lat' dir='ltr'>signum</span> <span class='ocrx_word' id='word_1_257' title='bbox 1663 207 1792 253; x_wconf 71' lang='grc' dir='ltr'>[αηὲἶαε</span> <span class='ocrx_word' id='word_1_258' title='bbox 1820 212 1928 248; x_wconf 75' lang='lat' dir='ltr'>Crucis</span> <span class='ocrx_word' id='word_1_259' title='bbox 1954 213 1989 248; x_wconf 72' lang='lat' dir='ltr'>in</span> <span class='ocrx_word' id='word_1_260' title='bbox 2015 227 2075 261; x_wconf 73' lang='lat' dir='ltr'>ea,</span> 
     </span>
    </p>
   </div>
   <div class='ocr_carea' id='block_1_5' title="bbox 1254 1565 1282 1596">
    <p class='ocr_par' dir='ltr' id='par_1_5' title="bbox 1254 1565 1282 1596">
     <span class='ocr_line' id='line_1_50' title="bbox 1254 1565 1282 1596; baseline 0 0"><span class='ocrx_word' id='word_1_261' title='bbox 1254 1565 1282 1596; x_wconf 83' lang='lat' dir='ltr'>O</span> 
     </span>
    </p>
   </div>
   <div class='ocr_carea' id='block_1_6' title="bbox 1307 258 2084 2566">
    <p class='ocr_par' dir='ltr' id='par_1_6' title="bbox 1307 258 2084 2566">
     <span class='ocr_line' id='line_1_51' title="bbox 1311 258 2076 305; baseline 0.01 -13"><span class='ocrx_word' id='word_1_262' title='bbox 1311 258 1521 302; x_wconf 79' lang='lat' dir='ltr'>abscindendo</span> <span class='ocrx_word' id='word_1_263' title='bbox 1546 270 1600 303; x_wconf 82' lang='lat' dir='ltr'>per</span> <span class='ocrx_word' id='word_1_264' title='bbox 1627 260 1784 303; x_wconf 81' lang='lat' dir='ltr'>medium,</span> <span class='ocrx_word' id='word_1_265' title='bbox 1808 262 1903 305; x_wconf 71' lang='lat' dir='ltr'>fecit,</span> <span class='ocrx_word' id='word_1_266' title='bbox 1929 265 1972 299; x_wconf 64' lang='grc' dir='ltr'><em>Θ</em></span> <span class='ocrx_word' id='word_1_267' title='bbox 1999 266 2076 300; x_wconf 77' lang='lat' dir='ltr'>reli-</span> 
     </span>
     <span class='ocr_line' id='line_1_52' title="bbox 1312 310 2074 363; baseline 0.013 -21"><span class='ocrx_word' id='word_1_268' title='bbox 1312 310 1381 356; x_wconf 74' lang='lat' dir='ltr'>quit</span> <span class='ocrx_word' id='word_1_269' title='bbox 1409 323 1442 344; x_wconf 86' lang='lat' dir='ltr'>m</span> <span class='ocrx_word' id='word_1_270' title='bbox 1466 323 1562 344; x_wconf 83' lang='lat' dir='ltr'>manu</span> <span class='ocrx_word' id='word_1_271' title='bbox 1586 312 1704 345; x_wconf 80' lang='lat' dir='ltr'>Domni</span> <span class='ocrx_word' id='word_1_272' title='bbox 1725 314 1871 347; x_wconf 56' lang='lat' dir='ltr'>abbatis</span> <span class='ocrx_word' id='word_1_273' title='bbox 1897 312 1931 348; x_wconf 76' lang='grc' dir='ltr'>ίη</span> <span class='ocrx_word' id='word_1_274' title='bbox 1953 318 2074 363; x_wconf 76' lang='lat' dir='ltr'>conspe-</span> 
     </span>
     <span class='ocr_line' id='line_1_53' title="bbox 1313 360 2075 404; baseline 0.005 -11"><span class='ocrx_word' id='word_1_275' title='bbox 1313 360 1366 393; x_wconf 66' lang='lat' dir='ltr'>clu</span> <span class='ocrx_word' id='word_1_276' title='bbox 1390 361 1526 394; x_wconf 83' lang='lat' dir='ltr'>omnium</span> <span class='ocrx_word' id='word_1_277' title='bbox 1551 361 1667 396; x_wconf 81' lang='lat' dir='ltr'>ibidem</span> <span class='ocrx_word' id='word_1_278' title='bbox 1689 362 1890 404; x_wconf 73' lang='lat' dir='ltr'>residentium</span> <span class='ocrx_word' id='word_1_279' title='bbox 1911 364 1972 402; x_wconf 75' lang='lat' dir='ltr'>&amp;c</span> <span class='ocrx_word' id='word_1_280' title='bbox 2003 369 2075 403; x_wconf 78' lang='lat' dir='ltr'>Ve-</span> 
     </span>
     <span class='ocr_line' id='line_1_54' title="bbox 1311 411 2076 462; baseline 0.009 -17"><span class='ocrx_word' id='word_1_281' title='bbox 1311 411 1388 446; x_wconf 70' lang='lat' dir='ltr'>rum</span> <span class='ocrx_word' id='word_1_282' title='bbox 1416 411 1588 460; x_wconf 82' lang='lat' dir='ltr'>ejusmodi</span> <span class='ocrx_word' id='word_1_283' title='bbox 1616 414 1728 462; x_wconf 84' lang='lat' dir='ltr'>Leges</span> <span class='ocrx_word' id='word_1_284' title='bbox 1765 425 1863 450; x_wconf 88' lang='lat' dir='ltr'>erant</span> <span class='ocrx_word' id='word_1_285' title='bbox 1900 417 1940 450; x_wconf 81' lang='lat' dir='ltr'>ad</span> <span class='ocrx_word' id='word_1_286' title='bbox 1972 415 2076 454; x_wconf 83' lang='lat' dir='ltr'>instar</span> 
     </span>
     <span class='ocr_line' id='line_1_55' title="bbox 1312 463 2076 514; baseline 0.009 -18"><span class='ocrx_word' id='word_1_287' title='bbox 1312 463 1423 506; x_wconf 85' lang='lat' dir='ltr'>telae,</span> <span class='ocrx_word' id='word_1_288' title='bbox 1450 475 1556 510; x_wconf 89' lang='lat' dir='ltr'>quam</span> <span class='ocrx_word' id='word_1_289' title='bbox 1585 476 1707 500; x_wconf 86' lang='lat' dir='ltr'>aranea</span> <span class='ocrx_word' id='word_1_290' title='bbox 1734 464 1853 506; x_wconf 89' lang='lat' dir='ltr'>struit,</span> <span class='ocrx_word' id='word_1_291' title='bbox 1882 480 1970 514; x_wconf 85' lang='lat' dir='ltr'>quae</span> <span class='ocrx_word' id='word_1_292' title='bbox 1997 479 2076 503; x_wconf 87' lang='lat' dir='ltr'>mu·-</span> 
     </span>
     <span class='ocr_line' id='line_1_56' title="bbox 1311 510 2076 566; baseline 0.01 -20"><span class='ocrx_word' id='word_1_293' title='bbox 1311 510 1381 547; x_wconf 88' lang='lat' dir='ltr'>scas</span> <span class='ocrx_word' id='word_1_294' title='bbox 1410 515 1553 560; x_wconf 88' lang='lat' dir='ltr'>quidem</span> <span class='ocrx_word' id='word_1_295' title='bbox 1580 515 1613 549; x_wconf 73' lang='lat'>8&lt;</span> <span class='ocrx_word' id='word_1_296' title='bbox 1653 515 1782 552; x_wconf 86' lang='lat' dir='ltr'>culices</span> <span class='ocrx_word' id='word_1_297' title='bbox 1816 516 1920 553; x_wconf 87' lang='lat' dir='ltr'>facile</span> <span class='ocrx_word' id='word_1_298' title='bbox 1958 517 2076 566; x_wconf 76' lang='lat' dir='ltr'>capit,</span> 
     </span>
     <span class='ocr_line' id='line_1_57' title="bbox 1311 565 2077 614; baseline 0.009 -17"><span class='ocrx_word' id='word_1_299' title='bbox 1311 575 1330 597; x_wconf 85' lang='lat' dir='ltr'>a</span> <span class='ocrx_word' id='word_1_300' title='bbox 1358 565 1542 599; x_wconf 88' lang='lat' dir='ltr'>volucrum</span> <span class='ocrx_word' id='word_1_301' title='bbox 1571 569 1655 601; x_wconf 76' lang='lat' dir='ltr'>vero</span> <span class='ocrx_word' id='word_1_302' title='bbox 1682 567 1804 614; x_wconf 90' lang='lat' dir='ltr'>pennis</span> <span class='ocrx_word' id='word_1_303' title='bbox 1831 566 1869 604; x_wconf 73' lang='grc' dir='ltr'>ἃ.</span> <span class='ocrx_word' id='word_1_304' title='bbox 1903 567 1968 604; x_wconf 82' lang='lat' dir='ltr'>alis</span> <span class='ocrx_word' id='word_1_305' title='bbox 1996 569 2077 604; x_wconf 88' lang='lat' dir='ltr'>nul-</span> 
     </span>
     <span class='ocr_line' id='line_1_58' title="bbox 1311 612 2078 665; baseline 0.009 -18"><span class='ocrx_word' id='word_1_306' title='bbox 1311 612 1348 648; x_wconf 93' lang='lat' dir='ltr'>lo</span> <span class='ocrx_word' id='word_1_307' title='bbox 1385 616 1530 662; x_wconf 89' lang='lat' dir='ltr'>negotio</span> <span class='ocrx_word' id='word_1_308' title='bbox 1566 615 1817 663; x_wconf 86' lang='lat' dir='ltr'>disrumpitur.</span> <span class='ocrx_word' id='word_1_309' title='bbox 1853 618 1977 665; x_wconf 85' lang='lat' dir='ltr'>Itaque</span> <span class='ocrx_word' id='word_1_310' title='bbox 2008 618 2078 655; x_wconf 86' lang='lat' dir='ltr'>mi·</span> 
     </span>
     <span class='ocr_line' id='line_1_59' title="bbox 1313 667 2078 715; baseline 0.008 -17"><span class='ocrx_word' id='word_1_311' title='bbox 1313 676 1411 699; x_wconf 90' lang='lat' dir='ltr'>nores</span> <span class='ocrx_word' id='word_1_312' title='bbox 1439 678 1458 699; x_wconf 91' lang='lat' dir='ltr'>e</span> <span class='ocrx_word' id='word_1_313' title='bbox 1487 667 1623 714; x_wconf 91' lang='lat' dir='ltr'>Populo</span> <span class='ocrx_word' id='word_1_314' title='bbox 1651 669 1728 702; x_wconf 90' lang='lat' dir='ltr'>Lex</span> <span class='ocrx_word' id='word_1_315' title='bbox 1765 668 1798 702; x_wconf 74' lang='grc' dir='ltr'>δε</span> <span class='ocrx_word' id='word_1_316' title='bbox 1828 681 1939 715; x_wconf 81' lang='lat' dir='ltr'>poena</span> <span class='ocrx_word' id='word_1_317' title='bbox 1966 667 2078 704; x_wconf 83' lang='lat' dir='ltr'>inter-</span> 
     </span>
     <span class='ocr_line' id='line_1_60' title="bbox 1311 714 2079 767; baseline 0.005 -17"><span class='ocrx_word' id='word_1_318' title='bbox 1311 714 1395 750; x_wconf 89' lang='lat' dir='ltr'>dum</span> <span class='ocrx_word' id='word_1_319' title='bbox 1424 714 1593 759; x_wconf 80' lang='lat' dir='ltr'>feriebat,</span> <span class='ocrx_word' id='word_1_320' title='bbox 1621 716 1644 752; x_wconf 90' lang='lat' dir='ltr'>s1</span> <span class='ocrx_word' id='word_1_321' title='bbox 1673 717 1813 765; x_wconf 88' lang='lat' dir='ltr'>quando</span> <span class='ocrx_word' id='word_1_322' title='bbox 1840 717 1921 753; x_wconf 82' lang='lat' dir='ltr'>falsa</span> <span class='ocrx_word' id='word_1_323' title='bbox 1952 731 2079 767; x_wconf 87' lang='lat' dir='ltr'>procu-</span> 
     </span>
     <span class='ocr_line' id='line_1_61' title="bbox 1313 765 2080 817; baseline 0.004 -16"><span class='ocrx_word' id='word_1_324' title='bbox 1313 765 1414 810; x_wconf 87' lang='lat' dir='ltr'>dere,</span> <span class='ocrx_word' id='word_1_325' title='bbox 1442 776 1501 802; x_wconf 88' lang='lat' dir='ltr'>aut</span> <span class='ocrx_word' id='word_1_326' title='bbox 1530 765 1619 803; x_wconf 82' lang='lat' dir='ltr'>falfis</span> <span class='ocrx_word' id='word_1_327' title='bbox 1657 768 1711 803; x_wconf 91' lang='lat' dir='ltr'>uti</span> <span class='ocrx_word' id='word_1_328' title='bbox 1739 768 1777 804; x_wconf 90' lang='lat' dir='ltr'>in</span> <span class='ocrx_word' id='word_1_329' title='bbox 1815 768 1962 817; x_wconf 87' lang='lat' dir='ltr'>privatis</span> <span class='ocrx_word' id='word_1_330' title='bbox 2000 768 2080 804; x_wconf 85' lang='lat' dir='ltr'>liti-</span> 
     </span>
     <span class='ocr_line' id='line_1_62' title="bbox 1314 816 2080 867; baseline 0.004 -16"><span class='ocrx_word' id='word_1_331' title='bbox 1314 817 1375 853; x_wconf 88' lang='lat' dir='ltr'>bus</span> <span class='ocrx_word' id='word_1_332' title='bbox 1412 816 1777 860; x_wconf 82' lang='lat' dir='ltr'>deprehendebantur:</span> <span class='ocrx_word' id='word_1_333' title='bbox 1808 819 1956 867; x_wconf 86' lang='lat' dir='ltr'>majores</span> <span class='ocrx_word' id='word_1_334' title='bbox 1993 820 2080 855; x_wconf 67' lang='lat' dir='ltr'>verb</span> 
     </span>
     <span class='ocr_line' id='line_1_63' title="bbox 1313 867 2081 904; baseline 0.003 -2"><span class='ocrx_word' id='word_1_335' title='bbox 1313 867 1543 903; x_wconf 87' lang='lat' dir='ltr'>immunitate</span> <span class='ocrx_word' id='word_1_336' title='bbox 1570 868 1775 903; x_wconf 84' lang='lat' dir='ltr'>omnimoda</span> <span class='ocrx_word' id='word_1_337' title='bbox 1813 867 1891 904; x_wconf 89' lang='lat' dir='ltr'>heic</span> <span class='ocrx_word' id='word_1_338' title='bbox 1918 868 2081 904; x_wconf 84' lang='lat' dir='ltr'>frueban-</span> 
     </span>
     <span class='ocr_line' id='line_1_64' title="bbox 1314 917 2081 966; baseline 0.001 -13"><span class='ocrx_word' id='word_1_339' title='bbox 1314 926 1390 954; x_wconf 84' lang='lat' dir='ltr'>tur.</span> <span class='ocrx_word' id='word_1_340' title='bbox 1412 921 1468 953; x_wconf 92' lang='lat' dir='ltr'>Ac</span> <span class='ocrx_word' id='word_1_341' title='bbox 1493 918 1676 966; x_wconf 87' lang='lat' dir='ltr'>praecipue</span> <span class='ocrx_word' id='word_1_342' title='bbox 1701 917 1838 954; x_wconf 87' lang='lat' dir='ltr'>nemini</span> <span class='ocrx_word' id='word_1_343' title='bbox 1863 932 1977 954; x_wconf 89' lang='lat' dir='ltr'>creare</span> <span class='ocrx_word' id='word_1_344' title='bbox 2002 932 2081 954; x_wconf 90' lang='lat' dir='ltr'>mo-</span> 
     </span>
     <span class='ocr_line' id='line_1_65' title="bbox 1314 968 2078 1013; baseline 0.003 -10"><span class='ocrx_word' id='word_1_345' title='bbox 1314 968 1445 1004; x_wconf 86' lang='lat' dir='ltr'>lestiam</span> <span class='ocrx_word' id='word_1_346' title='bbox 1477 982 1551 1005; x_wconf 88' lang='lat' dir='ltr'>mos</span> <span class='ocrx_word' id='word_1_347' title='bbox 1579 969 1670 1013; x_wconf 79' lang='lat' dir='ltr'>fuit,</span> <span class='ocrx_word' id='word_1_348' title='bbox 1699 970 1758 1006; x_wconf 88' lang='lat' dir='ltr'>ubi</span> <span class='ocrx_word' id='word_1_349' title='bbox 1788 981 1857 1004; x_wconf 91' lang='lat' dir='ltr'>non</span> <span class='ocrx_word' id='word_1_350' title='bbox 1885 969 1996 1008; x_wconf 89' lang='lat' dir='ltr'>lucri,</span> <span class='ocrx_word' id='word_1_351' title='bbox 2022 968 2078 1005; x_wconf 86' lang='lat' dir='ltr'>sed</span> 
     </span>
     <span class='ocr_line' id='line_1_66' title="bbox 1314 1018 2080 1067; baseline 0.003 -14"><span class='ocrx_word' id='word_1_352' title='bbox 1314 1019 1449 1067; x_wconf 85' lang='lat' dir='ltr'>gloriae</span> <span class='ocrx_word' id='word_1_353' title='bbox 1476 1020 1612 1055; x_wconf 73' lang='lat' dir='ltr'>tantum</span> <span class='ocrx_word' id='word_1_354' title='bbox 1644 1019 1757 1056; x_wconf 62' lang='lat' dir='ltr'>caussa</span> <span class='ocrx_word' id='word_1_355' title='bbox 1794 1018 1992 1067; x_wconf 82' lang='lat' dir='ltr'>imposturis</span> <span class='ocrx_word' id='word_1_356' title='bbox 2023 1019 2080 1055; x_wconf 91' lang='lat' dir='ltr'>in-</span> 
     </span>
     <span class='ocr_line' id='line_1_67' title="bbox 1314 1069 2081 1118; baseline 0.004 -15"><span class='ocrx_word' id='word_1_357' title='bbox 1314 1069 1524 1118; x_wconf 84' lang='lat' dir='ltr'>dulgebant.</span> <span class='ocrx_word' id='word_1_358' title='bbox 1554 1072 1658 1106; x_wconf 88' lang='lat' dir='ltr'>Nunc</span> <span class='ocrx_word' id='word_1_359' title='bbox 1697 1070 1877 1106; x_wconf 78' lang='lat' dir='ltr'>audiamus</span> <span class='ocrx_word' id='word_1_360' title='bbox 1908 1069 2081 1106; x_wconf 85' lang='lat' dir='ltr'>Fontani-</span> 
     </span>
     <span class='ocr_line' id='line_1_68' title="bbox 1315 1118 2081 1169; baseline 0.004 -16"><span class='ocrx_word' id='word_1_361' title='bbox 1315 1118 1436 1161; x_wconf 86' lang='lat' dir='ltr'>nium,</span> <span class='ocrx_word' id='word_1_362' title='bbox 1455 1119 1517 1168; x_wconf 86' lang='lat' dir='ltr'>qui</span> <span class='ocrx_word' id='word_1_363' title='bbox 1543 1120 1578 1156; x_wconf 91' lang='lat' dir='ltr'>in</span> <span class='ocrx_word' id='word_1_364' title='bbox 1608 1120 1787 1157; x_wconf 82' lang='lat' dir='ltr'>vindiciis</span> <span class='ocrx_word' id='word_1_365' title='bbox 1813 1121 1990 1169; x_wconf 83' lang='lat' dir='ltr'>antiquor.</span> <span class='ocrx_word' id='word_1_366' title='bbox 2012 1119 2081 1156; x_wconf 88' lang='lat' dir='ltr'>Di-</span> 
     </span>
     <span class='ocr_line' id='line_1_69' title="bbox 1317 1170 2081 1218; baseline 0.001 -14"><span class='ocrx_word' id='word_1_367' title='bbox 1317 1170 1462 1217; x_wconf 85' lang='lat' dir='ltr'>plomat.</span> <span class='ocrx_word' id='word_1_368' title='bbox 1491 1184 1567 1218; x_wconf 84' lang='lat' dir='ltr'>pag.</span> <span class='ocrx_word' id='word_1_369' title='bbox 1596 1174 1653 1215; x_wconf 79' lang='lat'>58.</span> <span class='ocrx_word' id='word_1_370' title='bbox 1679 1172 1882 1207; x_wconf 85' lang='lat' dir='ltr'>contendit:</span> <span class='ocrx_word' id='word_1_371' title='bbox 1914 1172 2081 1218; x_wconf 77' lang='lat' dir='ltr'>Diploma-</span> 
     </span>
     <span class='ocr_line' id='line_1_70' title="bbox 1315 1220 2082 1266; baseline 0.004 -13"><span class='ocrx_word' id='word_1_372' title='bbox 1315 1231 1348 1253; x_wconf 82' lang='lat' dir='ltr'>ta</span> <span class='ocrx_word' id='word_1_373' title='bbox 1381 1220 1494 1265; x_wconf 75' lang='lat' dir='ltr'>spuria</span> <span class='ocrx_word' id='word_1_374' title='bbox 1530 1234 1566 1254; x_wconf 72' lang='lat' dir='ltr'>ex</span> <span class='ocrx_word' id='word_1_375' title='bbox 1601 1221 1778 1266; x_wconf 72' lang='lat' dir='ltr'>antiquitus</span> <span class='ocrx_word' id='word_1_376' title='bbox 1814 1222 1949 1266; x_wconf 63' lang='lat' dir='ltr'>confifiis</span> <span class='ocrx_word' id='word_1_377' title='bbox 1990 1222 2082 1256; x_wconf 81' lang='lat' dir='ltr'>nulla</span> 
     </span>
     <span class='ocr_line' id='line_1_71' title="bbox 1315 1269 2080 1320; baseline 0 -15"><span class='ocrx_word' id='word_1_378' title='bbox 1315 1269 1459 1317; x_wconf 75' lang='lat' dir='ltr'>superesse</span> <span class='ocrx_word' id='word_1_379' title='bbox 1476 1295 1486 1310; x_wconf 91' lang='lat'>,</span> <span class='ocrx_word' id='word_1_380' title='bbox 1529 1271 1625 1320; x_wconf 87' lang='lat' dir='ltr'>cujus</span> <span class='ocrx_word' id='word_1_381' title='bbox 1668 1270 1860 1307; x_wconf 75' lang='lat' dir='ltr'>sententiae</span> <span class='ocrx_word' id='word_1_382' title='bbox 1904 1271 2080 1307; x_wconf 87' lang='lat' dir='ltr'>rationem</span> 
     </span>
     <span class='ocr_line' id='line_1_72' title="bbox 1316 1320 2084 1366; baseline -0.003 -10"><span class='ocrx_word' id='word_1_383' title='bbox 1316 1321 1404 1356; x_wconf 81' lang='lat' dir='ltr'>hanc</span> <span class='ocrx_word' id='word_1_384' title='bbox 1443 1320 1577 1362; x_wconf 76' lang='lat' dir='ltr'>adfert,</span> <span class='ocrx_word' id='word_1_385' title='bbox 1607 1333 1730 1366; x_wconf 83' lang='lat' dir='ltr'>nempe</span> <span class='ocrx_word' id='word_1_386' title='bbox 1768 1321 1878 1355; x_wconf 79' lang='lat' dir='ltr'>multis</span> <span class='ocrx_word' id='word_1_387' title='bbox 1912 1323 2016 1365; x_wconf 80' lang='lat' dir='ltr'>poenis</span> <span class='ocrx_word' id='word_1_388' title='bbox 2047 1320 2084 1354; x_wconf 72' lang='lat' dir='ltr'>in</span> 
     </span>
     <span class='ocr_line' id='line_1_73' title="bbox 1315 1371 2083 1414; baseline -0.004 -8"><span class='ocrx_word' id='word_1_389' title='bbox 1315 1373 1478 1414; x_wconf 73' lang='lat' dir='ltr'>falsarios</span> <span class='ocrx_word' id='word_1_390' title='bbox 1513 1371 1616 1404; x_wconf 80' lang='lat' dir='ltr'>variis</span> <span class='ocrx_word' id='word_1_391' title='bbox 1652 1371 1839 1413; x_wconf 80' lang='lat' dir='ltr'>temporibus</span> <span class='ocrx_word' id='word_1_392' title='bbox 1876 1372 2083 1405; x_wconf 72' lang='lat' dir='ltr'>animadver-</span> 
     </span>
     <span class='ocr_line' id='line_1_74' title="bbox 1312 1419 2084 1467; baseline 0 -13"><span class='ocrx_word' id='word_1_393' title='bbox 1312 1420 1402 1462; x_wconf 79' lang='lat' dir='ltr'>sum,</span> <span class='ocrx_word' id='word_1_394' title='bbox 1430 1433 1492 1465; x_wconf 85' lang='lat' dir='ltr'>qua</span> <span class='ocrx_word' id='word_1_395' title='bbox 1528 1419 1708 1464; x_wconf 48' lang='lat' dir='ltr'>vigilant&amp;</span> <span class='ocrx_word' id='word_1_396' title='bbox 1745 1420 1785 1453; x_wconf 74' lang='lat'>(9¹</span> <span class='ocrx_word' id='word_1_397' title='bbox 1820 1421 1916 1467; x_wconf 81' lang='lat' dir='ltr'>rigore</span> <span class='ocrx_word' id='word_1_398' title='bbox 1944 1421 2084 1454; x_wconf 73' lang='lat' dir='ltr'>Chartae</span> 
     </span>
     <span class='ocr_line' id='line_1_75' title="bbox 1307 1469 2082 1517; baseline 0.001 -13"><span class='ocrx_word' id='word_1_399' title='bbox 1307 1470 1529 1517; x_wconf 72' lang='lat' dir='ltr'>supposititiae</span> <span class='ocrx_word' id='word_1_400' title='bbox 1548 1469 1732 1503; x_wconf 80' lang='lat' dir='ltr'>obliteratae</span> <span class='ocrx_word' id='word_1_401' title='bbox 1755 1470 1797 1503; x_wconf 64' lang='grc' dir='ltr'>Θ·</span> <span class='ocrx_word' id='word_1_402' title='bbox 1821 1469 1992 1513; x_wconf 70' lang='grc' dir='ltr'>εκριιηέῖαε</span> <span class='ocrx_word' id='word_1_403' title='bbox 2009 1470 2082 1514; x_wconf 74' lang='grc' dir='ltr'>[ικ-</span> 
     </span>
     <span class='ocr_line' id='line_1_76' title="bbox 1315 1519 2080 1568; baseline 0.001 -13"><span class='ocrx_word' id='word_1_404' title='bbox 1315 1531 1408 1555; x_wconf 74' lang='lat' dir='ltr'>runt.</span> <span class='ocrx_word' id='word_1_405' title='bbox 1437 1522 1535 1555; x_wconf 85' lang='lat' dir='ltr'>Haec</span> <span class='ocrx_word' id='word_1_406' title='bbox 1574 1520 1675 1568; x_wconf 88' lang='lat' dir='ltr'>plane</span> <span class='ocrx_word' id='word_1_407' title='bbox 1704 1519 1812 1554; x_wconf 88' lang='lat' dir='ltr'>mira.</span> <span class='ocrx_word' id='word_1_408' title='bbox 1850 1520 1913 1555; x_wconf 87' lang='lat' dir='ltr'>Sed</span> <span class='ocrx_word' id='word_1_409' title='bbox 1948 1520 2080 1556; x_wconf 88' lang='lat' dir='ltr'>miran-</span> 
     </span>
     <span class='ocr_line' id='line_1_77' title="bbox 1315 1570 2082 1618; baseline 0 -12"><span class='ocrx_word' id='word_1_410' title='bbox 1315 1572 1396 1606; x_wconf 89' lang='lat' dir='ltr'>dum</span> <span class='ocrx_word' id='word_1_411' title='bbox 1443 1570 1576 1618; x_wconf 83' lang='lat' dir='ltr'>magis,</span> <span class='ocrx_word' id='word_1_412' title='bbox 1619 1570 1833 1605; x_wconf 68' lang='lat' dir='ltr'>contendisse</span> <span class='ocrx_word' id='word_1_413' title='bbox 1876 1571 2004 1614; x_wconf 87' lang='lat' dir='ltr'>illum,</span> <span class='ocrx_word' id='word_1_414' title='bbox 2041 1577 2082 1606; x_wconf 86' lang='lat' dir='ltr'>ut</span> 
     </span>
     <span class='ocr_line' id='line_1_78' title="bbox 1317 1620 2081 1667; baseline -0.001 -10"><span class='ocrx_word' id='word_1_415' title='bbox 1317 1620 1524 1657; x_wconf 89' lang='lat' dir='ltr'>sententiam</span> <span class='ocrx_word' id='word_1_416' title='bbox 1554 1620 1639 1656; x_wconf 88' lang='lat' dir='ltr'>adeo</span> <span class='ocrx_word' id='word_1_417' title='bbox 1667 1633 1844 1656; x_wconf 84' lang='lat' dir='ltr'>enormem</span> <span class='ocrx_word' id='word_1_418' title='bbox 1873 1621 1975 1655; x_wconf 89' lang='lat' dir='ltr'>nobis</span> <span class='ocrx_word' id='word_1_419' title='bbox 2004 1633 2081 1667; x_wconf 87' lang='lat' dir='ltr'>per-</span> 
     </span>
     <span class='ocr_line' id='line_1_79' title="bbox 1317 1669 2083 1717; baseline -0.001 -10"><span class='ocrx_word' id='word_1_420' title='bbox 1317 1672 1492 1707; x_wconf 88' lang='lat' dir='ltr'>suaderet.</span> <span class='ocrx_word' id='word_1_421' title='bbox 1521 1672 1567 1705; x_wconf 83' lang='lat' dir='ltr'>Et</span> <span class='ocrx_word' id='word_1_422' title='bbox 1596 1670 1753 1716; x_wconf 70' lang='lat' dir='ltr'>profeEio</span> <span class='ocrx_word' id='word_1_423' title='bbox 1780 1684 1866 1717; x_wconf 84' lang='lat' dir='ltr'>opus</span> <span class='ocrx_word' id='word_1_424' title='bbox 1891 1670 1935 1705; x_wconf 75' lang='lat' dir='ltr'>est</span> <span class='ocrx_word' id='word_1_425' title='bbox 1963 1669 2083 1706; x_wconf 80' lang='lat' dir='ltr'>homi-</span> 
     </span>
     <span class='ocr_line' id='line_1_80' title="bbox 1317 1720 2082 1768; baseline -0.003 -11"><span class='ocrx_word' id='word_1_426' title='bbox 1317 1722 1377 1763; x_wconf 89' lang='lat' dir='ltr'>ni,</span> <span class='ocrx_word' id='word_1_427' title='bbox 1399 1720 1535 1767; x_wconf 81' lang='lat' dir='ltr'>alioqui</span> <span class='ocrx_word' id='word_1_428' title='bbox 1560 1720 1783 1765; x_wconf 61' lang='lat' dir='ltr'>dostffimo,</span> <span class='ocrx_word' id='word_1_429' title='bbox 1805 1720 1866 1767; x_wconf 85' lang='lat' dir='ltr'>qui</span> <span class='ocrx_word' id='word_1_430' title='bbox 1890 1720 1975 1756; x_wconf 81' lang='lat' dir='ltr'>haec</span> <span class='ocrx_word' id='word_1_431' title='bbox 2000 1732 2082 1768; x_wconf 84' lang='lat' dir='ltr'>pro-</span> 
     </span>
     <span class='ocr_line' id='line_1_81' title="bbox 1317 1771 2080 1819; baseline -0.003 -11"><span class='ocrx_word' id='word_1_432' title='bbox 1317 1771 1525 1815; x_wconf 80' lang='lat' dir='ltr'>nuntiavit,</span> <span class='ocrx_word' id='word_1_433' title='bbox 1558 1780 1597 1807; x_wconf 87' lang='lat' dir='ltr'>ut</span> <span class='ocrx_word' id='word_1_434' title='bbox 1634 1772 1729 1807; x_wconf 87' lang='lat' dir='ltr'>nulla</span> <span class='ocrx_word' id='word_1_435' title='bbox 1765 1783 1918 1819; x_wconf 76' lang='lat' dir='ltr'>unquam</span> <span class='ocrx_word' id='word_1_436' title='bbox 1958 1780 2080 1818; x_wconf 84' lang='lat' dir='ltr'>patue-</span> 
     </span>
     <span class='ocr_line' id='line_1_82' title="bbox 1316 1821 2081 1869; baseline -0.003 -9"><span class='ocrx_word' id='word_1_437' title='bbox 1316 1824 1389 1860; x_wconf 87' lang='lat' dir='ltr'>rint</span> <span class='ocrx_word' id='word_1_438' title='bbox 1414 1821 1591 1859; x_wconf 82' lang='lat' dir='ltr'>Archiva.</span> <span class='ocrx_word' id='word_1_439' title='bbox 1617 1824 1708 1859; x_wconf 67' lang='lat' dir='ltr'>Tam</span> <span class='ocrx_word' id='word_1_440' title='bbox 1736 1822 1829 1859; x_wconf 88' lang='lat' dir='ltr'>enim</span> <span class='ocrx_word' id='word_1_441' title='bbox 1857 1831 1987 1858; x_wconf 83' lang='lat' dir='ltr'>certum</span> <span class='ocrx_word' id='word_1_442' title='bbox 2013 1822 2081 1869; x_wconf 86' lang='lat' dir='ltr'>est,</span> 
     </span>
     <span class='ocr_line' id='line_1_83' title="bbox 1316 1873 2083 1923; baseline -0.005 -12"><span class='ocrx_word' id='word_1_443' title='bbox 1316 1875 1419 1923; x_wconf 72' lang='lat' dir='ltr'>quam</span> <span class='ocrx_word' id='word_1_444' title='bbox 1449 1874 1542 1922; x_wconf 86' lang='lat' dir='ltr'>quod</span> <span class='ocrx_word' id='word_1_445' title='bbox 1572 1873 1824 1918; x_wconf 83' lang='lat' dir='ltr'>certiffimum,</span> <span class='ocrx_word' id='word_1_446' title='bbox 1852 1887 1894 1909; x_wconf 86' lang='lat' dir='ltr'>ex</span> <span class='ocrx_word' id='word_1_447' title='bbox 1923 1873 1968 1909; x_wconf 86' lang='lat' dir='ltr'>iis</span> <span class='ocrx_word' id='word_1_448' title='bbox 1996 1884 2083 1919; x_wconf 83' lang='lat' dir='ltr'>pau-</span> 
     </span>
     <span class='ocr_line' id='line_1_84' title="bbox 1318 1921 2083 1974; baseline -0.004 -12"><span class='ocrx_word' id='word_1_449' title='bbox 1318 1940 1355 1963; x_wconf 87' lang='lat' dir='ltr'>ca</span> <span class='ocrx_word' id='word_1_450' title='bbox 1384 1926 1470 1969; x_wconf 82' lang='lat' dir='ltr'>effe,</span> <span class='ocrx_word' id='word_1_451' title='bbox 1498 1939 1587 1974; x_wconf 79' lang='lat' dir='ltr'>quae</span> <span class='ocrx_word' id='word_1_452' title='bbox 1623 1939 1694 1961; x_wconf 87' lang='lat' dir='ltr'>non</span> <span class='ocrx_word' id='word_1_453' title='bbox 1731 1924 1865 1974; x_wconf 84' lang='lat' dir='ltr'>aliquas</span> <span class='ocrx_word' id='word_1_454' title='bbox 1897 1921 2083 1974; x_wconf 79' lang='lat' dir='ltr'>suppofiti-</span> 
     </span>
     <span class='ocr_line' id='line_1_85' title="bbox 1318 1976 2082 2025; baseline -0.005 -11"><span class='ocrx_word' id='word_1_455' title='bbox 1318 1977 1388 2014; x_wconf 83' lang='lat' dir='ltr'>cias</span> <span class='ocrx_word' id='word_1_456' title='bbox 1426 1977 1563 2013; x_wconf 80' lang='lat' dir='ltr'>tabulas</span> <span class='ocrx_word' id='word_1_457' title='bbox 1591 1977 1627 2012; x_wconf 89' lang='lat' dir='ltr'>in</span> <span class='ocrx_word' id='word_1_458' title='bbox 1666 1976 1737 2012; x_wconf 80' lang='lat' dir='ltr'>finu</span> <span class='ocrx_word' id='word_1_459' title='bbox 1766 1977 1824 2012; x_wconf 91' lang='lat' dir='ltr'>suo</span> <span class='ocrx_word' id='word_1_460' title='bbox 1864 1976 2000 2025; x_wconf 80' lang='lat' dir='ltr'>placide</span> <span class='ocrx_word' id='word_1_461' title='bbox 2028 1984 2082 2011; x_wconf 87' lang='lat' dir='ltr'>te-</span> 
     </span>
     <span class='ocr_line' id='line_1_86' title="bbox 1317 2024 2082 2075; baseline -0.005 -11"><span class='ocrx_word' id='word_1_462' title='bbox 1317 2037 1424 2064; x_wconf 82' lang='lat' dir='ltr'>neant</span> <span class='ocrx_word' id='word_1_463' title='bbox 1443 2039 1549 2075; x_wconf 89' lang='lat' dir='ltr'>atque</span> <span class='ocrx_word' id='word_1_464' title='bbox 1573 2027 1807 2064; x_wconf 81' lang='lat' dir='ltr'>confoveant.</span> <span class='ocrx_word' id='word_1_465' title='bbox 1831 2025 1992 2062; x_wconf 85' lang='lat' dir='ltr'>Celebris</span> <span class='ocrx_word' id='word_1_466' title='bbox 2017 2024 2082 2060; x_wconf 83' lang='lat' dir='ltr'>hat</span> 
     </span>
     <span class='ocr_line' id='line_1_87' title="bbox 1317 2075 2081 2122; baseline -0.009 -8"><span class='ocrx_word' id='word_1_467' title='bbox 1317 2079 1354 2115; x_wconf 90' lang='lat' dir='ltr'>in</span> <span class='ocrx_word' id='word_1_468' title='bbox 1382 2093 1439 2120; x_wconf 68' lang='lat' dir='ltr'>re,</span> <span class='ocrx_word' id='word_1_469' title='bbox 1469 2077 1505 2115; x_wconf 75' lang='grc' dir='ltr'>ἃ</span> <span class='ocrx_word' id='word_1_470' title='bbox 1535 2079 1759 2115; x_wconf 81' lang='lat' dir='ltr'>Erudirorum</span> <span class='ocrx_word' id='word_1_471' title='bbox 1791 2076 1928 2111; x_wconf 71' lang='lat' dir='ltr'>‹alsulo</span> <span class='ocrx_word' id='word_1_472' title='bbox 1957 2075 2081 2122; x_wconf 57' lang='lat' dir='ltr'>proba-</span> 
     </span>
     <span class='ocr_line' id='line_1_88' title="bbox 1317 2122 2079 2168; baseline -0.01 -2"><span class='ocrx_word' id='word_1_473' title='bbox 1317 2138 1353 2166; x_wconf 79' lang='lat' dir='ltr'>ta</span> <span class='ocrx_word' id='word_1_474' title='bbox 1393 2129 1438 2165; x_wconf 88' lang='lat' dir='ltr'>est</span> <span class='ocrx_word' id='word_1_475' title='bbox 1477 2128 1616 2163; x_wconf 73' lang='lat' dir='ltr'>assertio</span> <span class='ocrx_word' id='word_1_476' title='bbox 1657 2125 1803 2162; x_wconf 70' lang='lat' dir='ltr'>clariss.</span> <span class='ocrx_word' id='word_1_477' title='bbox 1842 2122 2079 2168; x_wconf 85' lang='lat' dir='ltr'>Mabillonii,</span> 
     </span>
     <span class='ocr_line' id='line_1_89' title="bbox 1317 2172 2080 2225; baseline -0.008 -10"><span class='ocrx_word' id='word_1_478' title='bbox 1317 2178 1475 2215; x_wconf 88' lang='lat' dir='ltr'>omniurn</span> <span class='ocrx_word' id='word_1_479' title='bbox 1496 2175 1689 2225; x_wconf 83' lang='lat' dir='ltr'>graviffirni</span> <span class='ocrx_word' id='word_1_480' title='bbox 1707 2176 1800 2213; x_wconf 73' lang='lat' dir='ltr'>testis</span> <span class='ocrx_word' id='word_1_481' title='bbox 1814 2205 1823 2221; x_wconf 88' lang='lat'>,</span> <span class='ocrx_word' id='word_1_482' title='bbox 1841 2177 1922 2213; x_wconf 90' lang='lat' dir='ltr'>Lib.</span> <span class='ocrx_word' id='word_1_483' title='bbox 1940 2188 1973 2224; x_wconf 81' lang='lat'>3.</span> <span class='ocrx_word' id='word_1_484' title='bbox 1989 2172 2080 2223; x_wconf 76' lang='lat' dir='ltr'>Cap.</span> 
     </span>
     <span class='ocr_line' id='line_1_90' title="bbox 1318 2227 2080 2276; baseline -0.005 -10"><span class='ocrx_word' id='word_1_485' title='bbox 1318 2231 1351 2267; x_wconf 91' lang='grc'>6.</span> <span class='ocrx_word' id='word_1_486' title='bbox 1378 2229 1419 2264; x_wconf 91' lang='lat' dir='ltr'>de</span> <span class='ocrx_word' id='word_1_487' title='bbox 1448 2230 1498 2263; x_wconf 90' lang='lat' dir='ltr'>Re</span> <span class='ocrx_word' id='word_1_488' title='bbox 1527 2227 1789 2276; x_wconf 67' lang='lat' dir='ltr'>Diplomatica,</span> <span class='ocrx_word' id='word_1_489' title='bbox 1818 2228 1969 2275; x_wconf 37' lang='lat' dir='ltr'>Collegiaf</span> <span class='ocrx_word' id='word_1_490' title='bbox 1987 2235 2080 2272; x_wconf 73' lang='lat' dir='ltr'>propt</span> 
     </span>
     <span class='ocr_line' id='line_1_91' title="bbox 1317 2276 2078 2326; baseline -0.007 -11"><span class='ocrx_word' id='word_1_491' title='bbox 1317 2281 1428 2323; x_wconf 80' lang='lat' dir='ltr'>nulla,</span> <span class='ocrx_word' id='word_1_492' title='bbox 1454 2279 1651 2326; x_wconf 76' lang='lat' dir='ltr'>paucrffimas</span> <span class='ocrx_word' id='word_1_493' title='bbox 1678 2279 1853 2321; x_wconf 73' lang='lat' dir='ltr'>Ecclesias,</span> <span class='ocrx_word' id='word_1_494' title='bbox 1880 2288 1937 2315; x_wconf 78' lang='lat' dir='ltr'>aut</span> <span class='ocrx_word' id='word_1_495' title='bbox 1965 2276 2078 2312; x_wconf 75' lang='lat' dir='ltr'>Fami-</span> 
     </span>
     <span class='ocr_line' id='line_1_92' title="bbox 1316 2328 2079 2378; baseline -0.001 -13"><span class='ocrx_word' id='word_1_496' title='bbox 1316 2331 1379 2367; x_wconf 73' lang='lat' dir='ltr'>lias</span> <span class='ocrx_word' id='word_1_497' title='bbox 1407 2331 1557 2365; x_wconf 74' lang='lat' dir='ltr'>immunes</span> <span class='ocrx_word' id='word_1_498' title='bbox 1584 2329 1639 2376; x_wconf 74' lang='lat' dir='ltr'>effe</span> <span class='ocrx_word' id='word_1_499' title='bbox 1665 2333 1706 2366; x_wconf 79' lang='lat' dir='ltr'>ab</span> <span class='ocrx_word' id='word_1_500' title='bbox 1742 2332 1798 2366; x_wconf 79' lang='lat' dir='ltr'>bac</span> <span class='ocrx_word' id='word_1_501' title='bbox 1817 2331 1995 2378; x_wconf 82' lang='lat' dir='ltr'>spuriorum</span> <span class='ocrx_word' id='word_1_502' title='bbox 2023 2328 2079 2361; x_wconf 81' lang='lat' dir='ltr'>In-</span> 
     </span>
     <span class='ocr_line' id='line_1_93' title="bbox 1311 2381 2079 2427; baseline -0.005 -12"><span class='ocrx_word' id='word_1_503' title='bbox 1311 2382 1550 2425; x_wconf 79' lang='lat' dir='ltr'>strumentorum</span> <span class='ocrx_word' id='word_1_504' title='bbox 1578 2381 1664 2415; x_wconf 68' lang='lat' dir='ltr'>labe.</span> <span class='ocrx_word' id='word_1_505' title='bbox 1698 2382 1790 2417; x_wconf 76' lang='lat' dir='ltr'>ldem</span> <span class='ocrx_word' id='word_1_506' title='bbox 1829 2392 1966 2427; x_wconf 78' lang='lat' dir='ltr'>quoque</span> <span class='ocrx_word' id='word_1_507' title='bbox 1995 2389 2079 2412; x_wconf 86' lang='lat' dir='ltr'>con-</span> 
     </span>
     <span class='ocr_line' id='line_1_94' title="bbox 1318 2427 2077 2468; baseline -0.009 0"><span class='ocrx_word' id='word_1_508' title='bbox 1318 2432 1476 2468; x_wconf 77' lang='lat' dir='ltr'>firmavit</span> <span class='ocrx_word' id='word_1_509' title='bbox 1502 2431 1719 2468; x_wconf 58' lang='lat' dir='ltr'>doetiffimus</span> <span class='ocrx_word' id='word_1_510' title='bbox 1755 2433 1792 2467; x_wconf 89' lang='lat' dir='ltr'>P.</span> <span class='ocrx_word' id='word_1_511' title='bbox 1820 2427 2030 2466; x_wconf 78' lang='lat' dir='ltr'>Germonius</span> <span class='ocrx_word' id='word_1_512' title='bbox 2055 2440 2077 2463; x_wconf 85' lang='lat' dir='ltr'>e</span> 
     </span>
     <span class='ocr_line' id='line_1_95' title="bbox 1317 2479 2078 2532; baseline -0.012 -11"><span class='ocrx_word' id='word_1_513' title='bbox 1317 2484 1492 2522; x_wconf 74' lang='lat' dir='ltr'>Societate</span> <span class='ocrx_word' id='word_1_514' title='bbox 1527 2482 1629 2528; x_wconf 69' lang='lat' dir='ltr'>jesu,</span> <span class='ocrx_word' id='word_1_515' title='bbox 1666 2482 1728 2532; x_wconf 84' lang='lat' dir='ltr'>qui</span> <span class='ocrx_word' id='word_1_516' title='bbox 1768 2479 1938 2532; x_wconf 75' lang='lat' dir='ltr'>ejusmodi</span> <span class='ocrx_word' id='word_1_517' title='bbox 1974 2490 2078 2527; x_wconf 71' lang='lat' dir='ltr'>argu-</span> 
     </span>
     <span class='ocr_line' id='line_1_96' title="bbox 1923 2542 2024 2566; baseline -0.01 0"><span class='ocrx_word' id='word_1_518' title='bbox 1923 2542 2024 2566; x_wconf 78' lang='lat' dir='ltr'>men-</span> 
     </span>
    </p>
   </div>
  </div>
 </body>
</html>
