2232 3089
186 951 285 1044 D
362 948 406 1039 Ι
483 948 542 1042 S
619 946 680 1041 S
755 947 832 1041 E
910 948 1012 1043 R
1080 946 1177 1039 T
1246 945 1348 1039 A
1415 947 1508 1038 T
1589 947 1634 1038 Ι
1714 950 1810 1042 O

363 1145 1633 1233 TRIGESIMAQUARTA.

541 1510 559 1514 .-
604 1466 731 1502 mentis
756 1466 877 1502 Italica
900 1470 944 1502 E-

541 1523 560 1555 ἐιέε
603 1516 737 1554 ruditio
785 1518 945 1560 nitatur,

603 1583 644 1605 ex
672 1582 742 1617 quo
772 1568 943 1604 nobiliffi-

550 1625 566 1671 '¹
603 1633 677 1655 mae
718 1620 818 1667 hujus
860 1621 944 1654 Pro-

605 1671 744 1706 vinciae
787 1670 945 1710 frenum,

180 1719 379 1758 declinante
420 1721 787 1769 Roman0·1mperio‚
815 1723 858 1756 ab
886 1735 946 1757 ex-

178 1773 263 1809 teris
291 1773 324 1808 ὅ(
355 1772 543 1807 barbaricis
572 1773 736 1817 gentibus
769 1782 945 1821 arreptum

180 1822 244 1863 est,
275 1824 341 1869 jam
371 1833 501 1858 norunt
530 1824 695 1867 Erud3ti‚
721 1825 754 1859 8<
783 1837 848 1873 ego
877 1837 946 1860 non

180 1872 285 1910 semel
323 1874 566 1923 expostulavi.
595 1875 701 1921 Quod
740 1875 841 1910 unice
872 1874 946 1923 pos-

180 1923 319 1965 sumus,
341 1940 384 1961 ex
411 1925 568 1974 antiquis
592 1925 762 1961 Archivis
778 1953 788 1969 ‚
812 1925 847 1960 in
870 1925 947 1973 qui-

183 1975 245 2010 bus
283 1977 415 2012 multae
445 1977 566 2012 ‘latent
602 1976 759 2013 Chartae
794 1986 950 2015 veteres,

181 2024 248 2060 hoc
279 2026 324 2060 est
353 2026 473 2062 rudera
509 2028 725 2063 venerandae
753 2027 947 2075 antiquita-

184 2075 254 2119 tis,
283 2075 469 2112 subsidium
503 2077 703 2125 poscimusg
733 2087 837 2125 atque
872 2077 952 2112 inde

183 2125 299 2167 reapse
325 2128 504 2162 corradere
529 2128 625 2163 doffi
655 2128 735 2163 V1ri
765 2136 954 2169 coeperunt

186 2177 368 2226 postremis
397 2178 489 2214 hisce
514 2178 668 2218 Seculis,
690 2178 863 2226 quidquid
885 2178 948 2214 for—

187 2236 223 2264 te
260 2229 422 2266 relistum
454 2229 497 2264 est
535 2229 575 2264 ad
609 2228 851 2265 delineandam
889 2229 955 2265 ali-

188 2293 257 2327 qua
293 2294 337 2317 ex
376 2290 472 2328 parte
511 2279 636 2316 faciem
674 2279 873 2316 infelicium
910 2281 951 2316 il-

190 2328 303 2367 lorum
331 2341 553 2377 temporum.
590 2333 722 2367 Verum
754 2330 790 2367 &
825 2331 955 2367 Archi-

193 2386 238 2408 V2
262 2381 294 2413 δί
321 2383 474 2418 Chartae
503 2380 596 2429 ipsae
628 2381 767 2418 finistris
795 2395 952 2418 nonnun-

194 2437 300 2471 quam
334 2431 416 2467 fatis
442 2432 601 2468 obnoxia
638 2431 738 2469 fuisse
766 2433 954 2480 deprehen-

193 2475 344 2515 duntur:
372 2479 437 2516 illa
471 2482 651 2532 expilata,
681 2483 764 2522 istae
800 2485 953 2533 plerum-

981 2303 988 2530 !

988 1323 1018 1356 A
1059 1334 1126 1367 que
1147 1332 1330 1368 germanae
1348 1318 1385 1355 ὅ(
1403 1318 1647 1358 authenticae,
1669 1321 1724 1357 sed
1749 1333 1829 1357 cum

1059 1371 1172 1412 falfis.
1199 1381 1238 1407 ut
1265 1370 1305 1405 in
1334 1383 1370 1404 re
1397 1369 1504 1405 etiam
1535 1369 1768 1411 Nummaria,
1793 1372 1830 1406 δε

1061 1419 1096 1453 in
1133 1419 1427 1464 Inscriptionibus
1465 1419 1667 1459 interdum,
1695 1433 1738 1455 ne
1774 1421 1831 1456 di-

1063 1480 1138 1502 cam
1169 1467 1289 1514 saepe,
1318 1467 1469 1507 accidit,
1498 1470 1735 1506 commixtae.
1763 1470 1832 1506 Di-

1064 1518 1216 1553 scernere
1244 1527 1361 1553 autem
1378 1544 1388 1562 ,
1416 1530 1505 1565 quae
1533 1519 1715 1567 legitima,
1743 1534 1832 1569 quae

1064 1568 1178 1616 spuria
1219 1567 1283 1602 fint
1310 1578 1470 1604 veterum
1511 1569 1740 1607 Instrumenta
1777 1581 1832 1607 at-

1066 1633 1133 1667 que
1163 1620 1394 1667 Diplomata‚
1423 1633 1474 1656 res
1502 1633 1573 1655 non
1603 1622 1692 1658 levis
1720 1635 1833 1669 neque

1065 1670 1181 1705 facilis
1206 1671 1340 1718 negotii
1366 1670 1430 1706 est.
1459 1672 1552 1706 Nam
1577 1671 1635 1707 etfi
1663 1672 1834 1720 quaedam

1064 1730 1275 1762 occurrant,
1297 1722 1335 1756 in
1361 1721 1488 1768 quibus
1513 1723 1569 1757 vel
1594 1723 1730 1767 tyronis
1750 1722 1835 1758 Cri-

1066 1772 1129 1808 tici
1159 1772 1282 1807 oculus
1311 1771 1536 1820 imposturam
1575 1772 1837 1808 animadverte-

1065 1837 1100 1859 re
1130 1821 1260 1870 potest‚
1288 1823 1356 1858 alia
1385 1832 1503 1858 tamen
1531 1822 1630 1867 sunt,
1657 1832 1755 1860 tanta
1782 1836 1837 1859 ar-

1065 1884 1100 1909 te
1138 1874 1353 1923 ingenioque
1396 1873 1576 1918 confiaa,
1615 1872 1652 1910 ὅ(
1692 1874 1838 1922 quidem

1067 1935 1147 1959 ante
1186 1926 1298 1960 multa
1327 1926 1492 1968 Saecula,
1521 1935 1560 1960 ut
1596 1923 1635 1960 in
1672 1924 1717 1960 iis
1745 1925 1840 1972 diju-

1068 1974 1225 2010 dicandis
1249 1988 1337 2022 aqua
1361 1975 1500 2011 haereat
1522 1974 1602 2020 ipfis
1623 1975 1730 2011 etiam
1755 1975 1840 2011 Cri-

1070 2026 1222 2061 ticorum
1267 2025 1496 2062 acutiffimis.
1541 2026 1679 2062 Primus
1720 2035 1839 2062 autem

1068 2077 1230 2112 'omniurn
1274 2077 1315 2111 ad
1357 2080 1484 2113 Artem
1530 2077 1811 2123 Diplomaticam
1829 2103 1841 2121 ,

1071 2127 1137 2162 hoc
1166 2127 1233 2165 est,
1260 2128 1301 2162 ad
1330 2141 1476 2163 examen
1502 2141 1540 2162 ac
1568 2127 1752 2162 scientiam
1781 2141 1843 2163 ve-

1072 2188 1185 2213 terum
1216 2178 1438 2221 tabularum,
1467 2177 1564 2213 viam
1596 2177 1720 2213 stravit
1748 2188 1842 2213 aeta-

1043 2235 1045 2241 “
1071 2239 1107 2265 te
1133 2228 1242 2264 nostra
1266 2231 1324 2264 Cl.
1351 2232 1395 2265 V.
1423 2228 1552 2264 Daniel
1583 2228 1839 2277 papebrochius

1072 2293 1090 2315 e
1119 2279 1292 2316 Societate
1330 2279 1429 2323 Jesu.
1458 2281 1553 2315 Tum
1593 2279 1746 2315 eximius
1775 2276 1841 2312 Vir

1072 2330 1245 2374 johannes
1271 2330 1509 2367 Mabillonius
1535 2344 1552 2365 e
1579 2326 1842 2377 Congregatio-

1073 2394 1115 2417 ne
1155 2381 1271 2417 SanE’ti
1311 2381 1456 2420 Mauri,
1485 2380 1754 2416 celebratiffimo
1788 2380 1841 2412 0-

1074 2446 1152 2479 pere
1178 2434 1217 2467 de
1253 2437 1304 2467 Rc
1342 2432 1556 2479 Diplomatica
1595 2438 1840 2476 argumentum

1072 2482 1139 2519 hoc
1177 2482 1329 2520 mirifice
1366 2482 1530 2522 ornavit,
1557 2491 1597 2515 ac
1633 2491 1743 2528 paene
1780 2492 1842 2515 ex-

1110 2534 1148 2579 Α
1176 2545 1200 2569 2.
1701 2529 1791 2565 hau-
