2232 3089
255 246 334 289 269
544 229 689 275 Drsffi
698 226 911 271 RTATJO
953 223 1369 270 TRIGESJMASEX
1377 222 1474 266 m.-
1700 239 1784 280 270

197 308 266 342 quo
294 294 399 329 esiam
430 291 574 328 nomine
610 288 747 330 antiqui
785 285 957 335 fignifica-
989 290 1050 324 {Ar
1078 282 1257 322 terceffiffe
1295 282 1389 318 inter
1422 279 1564 316 Libellos
1592 278 1630 315 ὅ(
1658 283 1845 328 Pacarius-3

196 359 231 381 re
262 344 358 380 soliti
388 344 465 380 sunt
494 339 754 390 Emphyteufim
772 365 780 374 .
812 339 894 373 Ideo
921 350 956 372 e-
1079 338 1222 374 innuere
1247 333 1386 369 videtur
1406 332 1560 370 Charta,
1589 343 1692 378 quam
1717 344 1759 366 ex
1783 345 1844 366 an-

199 397 272 432 nim
302 409 342 432 ea
371 409 440 431 vox
478 394 657 432 invaluit,
695 390 787 439 quod
817 389 959 425 adhibe·
1079 385 1275 436 tiquiffimo
1315 383 1457 433 Regesto
1496 381 1727 429 Reipublicae
1758 383 1846 418 Mu-

200 458 321 483 rentur
347 460 484 496 preces,
512 456 551 481 ut
578 443 700 479 fundus
724 442 765 478 ad
791 439 959 476 utendum
1078 437 1220 475 tinensis
1248 434 1415 485 depromsi
1435 461 1443 470 .
1482 436 1588 481 Saepe
1624 433 1706 468 lites
1742 433 1844 469 effer-

202 512 240 534 ac
284 498 464 534 fruendum
502 496 767 537 concederetur,
806 490 961 539 quandiu
1078 492 1208 526 vebant
1249 488 1342 523 inter
1384 484 1576 534 Episcopos
1619 485 1653 519 ὃ(
1695 481 1844 520 Clerum

202 548 361 585 Domino
390 550 559 596 placeret.
599 546 776 594 Ulpianus
805 542 842 579 &
874 543 956 577 Pau—
1079 538 1319 578 Mutinensem
1337 565 1348 583 ,
1385 551 1424 573 ac
1451 537 1584 579 Cives,
1622 535 1845 583 Emphyteu-

202 601 255 636 lus
281 627 292 644 ‚
334 599 577 643 Jurisconsulti
621 609 753 634 veteres
771 625 781 641 ,
822 592 963 629 precarii
1079 592 1159 628 seon
1188 590 1324 627 caussa:
1354 587 1648 625 contendentibus
1676 586 1742 627 iis,
1780 585 1844 622 hos

202 663 326 686 vocem
347 651 385 685 ea
406 649 465 686 sub
493 651 629 686 ratione
657 649 858 697 explicant.
885 648 961 679 Pre-

204 703 341 743 surium,
369 701 491 748 ajunt,
528 703 562 735 in
590 702 689 736 edic‘lo
716 698 873 735 Praetoris
899 695 963 737 eft,

205 752 287 798 quod
312 752 453 795 precibus
485 753 607 795 petenti
641 752 791 785 utendum
826 748 962 782 concedi—

204 813 278 844 tur,
305 802 456 847 quamdiu
483 802 532 840 is,
559 803 615 848 qui
638 801 793 844 conceffit.
819 798 963 845 patitur.

206 853 391 898 Propterea
440 851 522 886 Abo
571 849 797 886 floriacensis
845 849 964 885 Abbas

206 903 350 937 Canone
379 913 414 948 7.
443 901 531 946 apud
560 901 818 937 Mabillonium
847 900 883 935 in
916 903 966 936 A—

206 951 351 986 naleffls
388 951 552 987 describit
588 953 777 992 precarias,
819 966 897 999 quae
933 967 969 987 ex

208 1000 407 1036 conventione
432 1000 545 1045 fiunt,
580 1003 620 1036 (9
658 1003 797 1046 prechus
826 1004 962 1038 obtinen—

208 1062 279 1088 tur.
306 1053 478 1087 Attamen
511 1053 648 1102 aliquid
673 1052 886 1090 discriminis
914 1054 968 1091 in-

1080 653 1139 680 aut
1166 643 1212 678 ob
1240 640 1436 689 pensionem
1467 652 1537 674 non
1565 639 1716 674 solutam
1735 664 1746 680 ,
1784 644 1845 673 aut

1080 696 1124 730 ob
1167 703 1317 729 mortem
1360 691 1531 739 alicujus,
1574 698 1635 726 aut
1675 688 1760 724 alias
1797 688 1845 723 ob

1005 744 1031 778 Β
1080 745 1228 784 caussas,
1257 741 1421 779 excidisse
1441 756 1458 777 e
1485 742 1558 789 jure
1585 740 1668 784 suo,
1698 753 1736 774 ac
1765 738 1846 774 fun·

1080 797 1141 832 dos
1178 795 1321 831 direffls
1359 792 1525 828 Dominis
1562 791 1626 827 effe
1662 790 1846 826 restituen-

1080 848 1163 883 dos.
1192 849 1327 882 Contra
1356 844 1560 880 nitebantur
1587 841 1716 878 Cives.
1745 844 1845 887 Qua-

1080 912 1116 933 re
1159 897 1230 945 post
1272 897 1476 932 diuturnum
1520 903 1695 929 certarnen
1734 893 1773 928 ad
1813 890 1846 927 i-

1081 948 1161 983 stam
1192 945 1417 983 concordiam
1446 945 1634 979 deventum
1661 943 1728 986 est,
1756 955 1845 990 quae

1082 998 1193 1035 adhuc
1221 997 1259 1034 in
1287 994 1450 1033 Civitate
1478 993 1589 1030 nostra
1618 994 1743 1042 viget.

210 1168 431 1212 Concordia
463 1168 562 1212 inita
593 1169 695 1212 inter
725 1170 1053 1219 Rernpublicam,
1085 1170 1123 1209 8<
1155 1166 1390 1223 Episcopum
1409 1195 1421 1218 ,
1451 1160 1623 1218 aliosque
1656 1157 1845 1202 Ecclesia·

397 1228 507 1271 sticos
539 1228 727 1271 Civitatis
761 1229 995 1270 Mutinenfis
1029 1226 1155 1271 caussa
1188 1227 1435 1276 Feudorum‚
1468 1219 1661 1264 Precaria-

609 1302 719 1342 rum,
759 1288 796 1328 8(
840 1288 1084 1330 Libellorum
1108 1317 1120 1340 ‚
1161 1289 1283 1327 Anno
1331 1285 1454 1326 1182.

266 1411 302 1444 Ν
324 1408 442 1450 einim
468 1410 609 1445 nomine.
646 1415 747 1446 Anno
781 1426 802 1446 a
838 1412 976 1447 Nativi—
1013 1410 1047 1447 C
1085 1409 1178 1445 salva
1216 1406 1367 1443 Domini
1405 1404 1588 1453 pensione,
1626 1414 1851 1449 quocumque

289 1470 354 1493 tate
381 1459 516 1501 ejusdem
545 1464 791 1496 MCLXXXH.
822 1463 976 1497 Indic‘ffv'o-
1085 1461 1190 1495 modo
1231 1456 1433 1494 voluerint,
1471 1455 1574 1490 dare.
1617 1454 1663 1487 Et
1705 1460 1744 1487 ut
1786 1451 1849 1499 qui

217 1523 254 1544 ne
282 1511 350 1544 XV.
378 1510 430 1542 die
459 1511 622 1544 Dominico
652 1514 691 1545 ΙΙ.
722 1513 888 1547 Kalendas
909 1515 973 1547 No·
1085 1511 1215 1546 habent
1240 1509 1298 1544 vel
1336 1507 1514 1542 habebunt
1550 1504 1673 1539 domos
1701 1503 1759 1539 vel
1792 1515 1849 1537 ca-

216 1558 370 1594 vembris.
401 1564 566 1606 Regnante
594 1560 795 1607 invifilrffimo
824 1565 975 1608 Impera·
1086 1561 1238 1596 samenta
1267 1558 1305 1593 in
1333 1557 1496 1593 Civitate
1524 1555 1579 1589 vel
1608 1563 1730 1597 extra,
1758 1552 1850 1588 infra

217 1619 293 1645 tore
321 1609 523 1646 Frederico.
551 1614 629 1644 Cum
657 1612 705 1645 lix
732 1612 777 1650 &³
800 1624 975 1647 controver-
1087 1609 1261 1656 predis-Itos
1287 1608 1372 1643 fines
1401 1620 1460 1655 pet·
1485 1605 1662 1643 feudum,
1692 1603 1850 1639 succedat

211 1660 263 1702 fia
289 1659 358 1705 effet
385 1660 466 1694 inter
484 1674 638 1695 commune
658 1663 699 1696 (9¹
725 1665 875 1708 Populum
898 1667 976 1697 Mu·
1087 1660 1162 1697 filia
1191 1659 1344 1698 femina,
1372 1657 1394 1692 si
1424 1655 1594 1692 masculus
1623 1653 1783 1698 desierit,
1813 1653 1851 1688 in

217 1711 282 1768 '¹¹5¹‘-
307 1724 344 1744 θ*
370 1724 433 1745 “²²¹²
467 1722 578 1754 parte,
615 1714 657 1747 Θ·
696 1715 874 1749 Domuum
906 1716 976 1749 Ar·-
1090 1709 1246 1760 predifiio
1275 1709 1413 1745 Feudo:
1444 1708 1477 1743 8<
1508 1705 1633 1754 poffint
1662 1718 1723 1747 ea,
1762 1717 1852 1751 quo-

217 1760 390 1796 dmonem
413 1761 645 1810 Episcopum,
667 1764 711 1802 n&
734 1768 890 1800 Damnum
912 1769 977 1800 Bo-
1089 1776 1160 1810 quo
1188 1761 1294 1797 modo
1322 1758 1523 1802 voluerint,
1552 1756 1615 1792 alii
1643 1756 1853 1793 concedere,

218 1811 368 1855 „isacium
405 1813 594 1860 Prepofitum
631 1814 677 1853 ὅ]
714 1816 883 1850 canonicos
915 1819 977 1850 Ec·
1091 1814 1172 1849 dum
1201 1821 1318 1848 tamen
1349 1824 1418 1846 non
1447 1822 1506 1856 per
1534 1806 1734 1856 proprium.
1764 1804 1853 1840 Etsi

220 1862 304 1903 clesie
332 1864 471 1906 Majoris
496 1875 551 1910 pro
572 1865 728 1906 Ecclesia,
757 1867 799 1901 (9-
824 1870 977 1901 Domuum
1021 1865 1056 1898 D
1092 1864 1181 1904 ille,
1213 1863 1274 1910 qui
1303 1859 1468 1898 conceffit
1504 1858 1648 1893 domum
1678 1857 1733 1891 vel
1763 1854 1855 1890 casa-

222 1914 412 1947 Michaelem
447 1916 607 1948 Abbatem
643 1916 758 1950 sanffl
794 1918 908 1961 Petri,
936 1919 979 1952 &⁵
1094 1924 1277 1956 mentum,
1305 1912 1397 1961 quod
1427 1910 1575 1946 habebat
1596 1921 1655 1952 per
1675 1906 1856 1950 Feudum,

223 1965 380 1998 Domnam
421 1965 564 1999 Mariam
599 1965 802 2012 Abbatfffam
842 1969 980 2002 san‘i'ae
1096 1966 1164 2002 fine
1201 1964 1287 2000 filiis
1324 1961 1524 2004 decesserit,
1567 1958 1743 1995 Dominus
1784 1969 1857 1992 non

223 2015 418 2060 Euphemiae
450 2026 506 2062 ΡΜ
542 2016 688 2057 Ecclefiis
718 2018 785 2060 suis
822 2032 858 2052 ex
885 2018 979 2057 alia,
1098 2015 1200 2066 poffit
1236 2014 1368 2052 auferre
1405 2012 1539 2048 dietum
1578 2010 1762 2052 feudum,
1801 2006 1858 2042 sed

222 2066 261 2121 de,
290 2068 369 2111 Lege
396 2066 581 2112 municipali
608 2066 653 2105 ὅ)
681 2068 895 2103 ordinamenta
922 2070 980 2103 Ci-
1098 2066 1248 2114 recipiat
1275 2066 1335 2113 qui
1357 2064 1532 2100 Vaffallus
1557 2070 1631 2098 erat
1659 2060 1781 2096 solitus
1807 2072 1860 2094 re-

222 2116 340 2150 w'a'is
369 2115 416 2154 ψ’
452 2116 595 2163 ΡθΡΜῘὶ,
636 2130 729 2163 quam
764 2119 982 2157 constituerant
1100 2118 1238 2166 cipere.
1267 2119 1343 2152 Item
1370 2116 1598 2150 ordinaverunt
1626 2113 1722 2147 Cives
1753 2109 1862 2145 Muti-

222 2175 288 2201 tam
325 2169 358 2200 ¹¹⁶
386 2168 476 2200 “m“
510 2167 721 2213 predic‘larum
749 2169 983 2214 Ecclesiarum,
1100 2183 1158 2208 ne,
1192 2177 1231 2204 ut
1259 2167 1360 2203 finita
1390 2164 1571 2201 Precharia
1600 2162 1774 2198 Dominus
1803 2173 1864 2196 co-

223 2218 316 2263 quam
343 2217 476 2252 aliorum
505 2218 689 2258 bominum,
719 2221 799 2262 quod
825 2221 888 2254 tale
914 2220 984 2262 est:
1101 2229 1202 2267 gatur
1229 2231 1304 2253 earn
1333 2228 1500 2252 renovare
1537 2227 1596 2262 per
1623 2215 1740 2249 decem
1770 2209 1865 2247 Soli-

226 2268 279 2302 Ut
305 2267 364 2315 qui
394 2267 543 2313 habent,
573 2271 628 2304 vel
657 2269 834 2306 habebunt
861 2270 984 2306 domos
1101 2269 1163 2304 dos
1183 2280 1468 2315 unumquemque
1497 2266 1652 2314 jugerum
1676 2262 1766 2298 infra
1788 2274 1865 2308 pre-

226 2318 285 2352 vel
325 2318 516 2354 casamenta
562 2319 597 2355 in
635 2321 799 2358 Civitate
842 2322 985 2357 Mutine
1024 2321 1052 2355 E
1103 2319 1216 2355 dictos
1254 2318 1365 2354 finesr
1404 2326 1502 2354 extra
1536 2329 1619 2351 vero
1656 2314 1739 2350 illos
1779 2312 1865 2348 fines

228 2368 285 2402 vel
313 2380 408 2405 extra
427 2398 436 2412 ,
465 2370 554 2406 infra
584 2371 645 2406 hos
675 2370 759 2408 fines
777 2397 788 2412 ,
816 2373 986 2408 videlicet
1012 2406 1015 2423 ‚
1103 2380 1248 2419 cogatur
1278 2369 1452 2405 Dominus
1481 2380 1648 2404 renovare
1679 2366 1866 2401 bubulcam

231 2429 250 2451 a
293 2420 493 2456 Formizine
534 2422 574 2457 ad
616 2422 847 2467 Civitatem,
890 2422 925 2459 &
969 2437 988 2459 a

233 2469 339 2502 Prato
365 2471 542 2506 Tenzonis
568 2472 611 2508 ad
649 2473 867 2512 Civitatem,
907 2476 938 2509 8(
970 2487 988 2509 a

233 2518 425 2554 Millitaria
453 2521 493 2555 ad
521 2522 740 2566 Civitatem,
769 2525 799 2559 8<
831 2538 848 2559 a
874 2525 986 2560 Fossa—

234 2577 273 2605 to
302 2570 409 2605 Novo
436 2570 477 2606 ad
513 2573 732 2615 Civitatem,
769 2573 897 2624 poffint
924 2589 989 2620 ea,

1104 2435 1165 2470 pro
1202 2421 1337 2456 duobus
1375 2418 1510 2458 Saldis,
1548 2419 1580 2453 &
1625 2414 1775 2453 Precarii
1814 2423 1868 2447 te-

1105 2482 1252 2508 neantur
1291 2484 1457 2507 renovare
1500 2467 1704 2506 Libellariis
1748 2464 1868 2497 secun-

1105 2523 1186 2558 dum
1216 2522 1308 2568 quod
1347 2521 1407 2566 ipsi
1446 2520 1664 2556 renovabunt
1694 2529 1711 2550 a
1741 2512 1870 2549 Domi-

1105 2573 1186 2611 nis.
1225 2576 1272 2610 Et
1308 2571 1525 2610 Libellarius
1561 2565 1725 2604 similiter
1752 2574 1871 2601 tenea-

1758 2624 1817 2651 'nu'
