2232 3089
251 173 303 214 17
511 153 880 199 DisSERTATm
913 152 1494 210 TRIGESJMAQMRTA.
1709 165 1759 202 13

187 226 348 252 mentum
385 214 636 264 pertratstavit.
678 214 775 249 Idem
812 216 846 249 &
883 228 948 263 ego

186 268 406 314 experientia
446 266 573 315 pluries
614 265 747 301 didici.
790 265 947 301 Plurima

186 319 283 354 enim
308 318 506 354 Italicarum
536 316 686 352 Urbium
709 316 868 352 Archiva
891 316 947 352 in-

187 369 336 417 gressus,
372 368 571 403 innumeras
615 367 757 415 quidem
798 367 947 403 Chartas

186 419 298 465 τερ.»νὶ
321 419 353 452 8<
379 418 521 457 evolvi,
548 431 747 466 germanam
772 419 946 467 originem

187 470 308 517 procul
346 467 453 502 dubio
493 469 742 515 praeferentes,
775 479 811 504 at
848 469 946 504 fimul

186 518 328 553 furfuris
356 518 490 565 aliquid
521 519 642 554 multis
670 520 707 555 in
736 520 824 555 locis
852 533 948 555 com-

184 568 341 604 mixtum
370 569 625 605 animadverti.
654 571 842 606 Potuiffem
870 571 948 605 sane

185 631 228 654 ex
258 619 351 655 hisce
378 621 586 668 apocryphis
615 623 727 656 multa
757 620 946 669 colligere;

186 668 243 704 sed
285 681 377 705 certa
415 670 586 704 duntaxat
622 680 850 706 monumenta
886 684 945 706 ve—

184 720 285 755 nanti
314 720 366 754 nil
405 721 609 767 plerumque
642 720 779 756 consilii
816 723 848 755 &
878 721 946 757 otii

185 769 355 818 superfuit
396 771 436 805 ad
481 771 538 805 has
581 771 688 807 etiam
735 771 946 808 adulterinas

184 833 315 856 merces
346 821 433 856 mihi
465 822 648 869 parandas.

238 874 364 919 Neque
385 872 491 908 alicui
515 872 694 918 subrepat,
712 874 864 910 Archivi
886 888 944 910 cu-

185 921 343 970 jusquam
373 934 503 958 tantam
534 924 598 959 effe
634 924 724 972 posse
752 925 944 961 auetorita-

183 981 284 1017 tem‚
322 984 359 1009 ut
396 988 635 1023 quaecumque
673 976 754 1011 inde
792 979 945 1012 Chartae

185 1025 379 1072 prodeunt,
409 1035 468 1060 aut
494 1025 546 1061 ibi
584 1026 828 1070 adservantur,
856 1028 944 1076 legi-

183 1074 354 1111 timitatis
384 1077 530 1112 minime
557 1077 682 1112 dubiae
711 1077 862 1126 sigillum
895 1078 943 1113 se—

184 1138 264 1161 eum
293 1126 468 1163 adfers-nt.
499 1128 646 1163 Nullum
682 1128 798 1163 hercle
825 1130 945 1164 Tabu—

183 1176 310 1212 larium
351 1189 421 1213 tam
460 1178 586 1225 insigni
628 1178 821 1225 privilegio
859 1178 942 1214 frui-

182 1234 265 1268 tur,
308 1228 479 1274 quidquid
526 1227 690 1275 Leguleji
734 1227 946 1265 somniantes

185 1274 359 1312 scribant.
392 1280 515 1323 Neque
553 1277 624 1324 ipsa
663 1290 861 1318 marmora,
889 1290 948 1314 aut

186 1338 303 1360 aereae
333 1327 490 1365 tabulae.
520 1328 645 1371 quibus
683 1329 857 1364 interdum
893 1330 947 1365 in—

183 1374 313 1421 scripta
354 1375 512 1410 vnl'untur
546 1385 701 1409 veterum
740 1390 946 1413 monumen-

185 1433 244 1464 ta,
271 1426 304 1460 8<
334 1424 589 1460 charaffieribus
627 1425 768 1472 quidem
802 1427 948 1462 vetusta—

185 1483 259 1510 tem
298 1489 376 1524 prae
414 1475 446 1510 se
483 1475 699 1515 ferentibus,
737 1485 849 1512 certos
887 1491 948 1512 nos

183 1523 297 1561 facere
334 1526 464 1574 semper
501 1536 655 1573 queunt,
685 1540 866 1575 germanos
897 1528 948 1563 ibi

183 1574 298 1611 foetus
325 1576 595 1623 comprehendi.
631 1578 743 1613 Testis
781 1578 947 1613 Theodo—
990 1604 994 1607 -

183 1624 315 1662 fianum
349 1628 537 1676 Diploma,
565 1628 607 1663 de
634 1642 704 1676 quo
741 1629 829 1664 mihi
858 1629 947 1665 infra

183 1675 296 1712 sermo
319 1678 408 1720 erit,
434 1691 606 1714 marmore
632 1678 866 1728 insculptum:
897 1690 946 1716 te-

183 1726 240 1763 stis
269 1729 432 1765 anetum
463 1729 617 1778 spurium
646 1729 813 1766 Defiderii
844 1732 948 1779 Regis

183 1779 498 1827 Langobardorum
536 1781 691 1816 Viterbii
731 1782 767 1817 in
797 1795 948 1818 marmo—

183 1841 242 1864 rea
258 1831 376 1866 tabula
393 1841 573 1867 exaratum
587 1856 596 1871 ‚
614 1832 706 1877 quod
725 1832 841 1868 frustra
858 1843 946 1869 tem—

185 1880 327 1928 poribus
349 1881 470 1917 nostris
492 1882 606 1918 Annii
625 1883 853 1919 Viterbiensis
875 1883 947 1919 suc—

184 1930 326 1968 cessores
354 1932 584 1968 dealbandum
613 1932 675 1969 fibi
704 1933 944 1981 susceperunt:

991 220 1021 254 A
1059 211 1195 247 bulario
1223 211 1386 259 Capituli
1414 211 1677 250 canonicorum
1710 216 1821 256 sacra-

1059 262 1208 298 tiffimae
1237 262 1402 298 Bafilicae
1437 264 1650 304 vaticanae,
1677 270 1820 317 evulga-

1061 315 1137 358 vit,
1165 313 1262 362 cujus
1298 314 1439 361 quidem
1469 313 1507 350 ὅ(
1545 314 1616 363 ipse
1645 315 1734 353 vitia
1766 320 1821 355 su—

1060 364 1228 408 bolfecit‚
1257 377 1348 399 nunc
1377 375 1492 399 autem
1522 378 1625 400 nemo
1652 367 1696 402 est
1726 368 1820 405 inter

1059 416 1246 455 Eruditos,
1271 415 1332 463 qui
1357 415 1520 451 insulsam
1548 416 1627 451 illic
1651 418 1820 466 impostu-

1059 480 1131 502 ram
1156 465 1326 502 continuo
1351 479 1421 501 non
1447 466 1630 515 agnoscat.
1650 471 1819 507 Ceterum

1059 531 1146 563 quae
1170 520 1282 565 Leges
1308 519 1341 552 &
1367 519 1505 565 regulae
1531 518 1658 566 praesto
1685 519 1823 558 futurae

1059 568 1125 603 smt
1152 569 1252 603 nobis
1290 569 1329 603 ad
1359 568 1597 616 distinguenda
1634 583 1714 606 vera
1754 571 1823 608 Di-

1060 620 1215 665 plomata
1239 631 1256 652 a
1282 617 1393 661 fallis,
1415 632 1432 653 e
1458 620 1554 665 supra
1580 620 1713 655 laudati
1738 623 1822 657 Ma-

1060 668 1201 704 billonii
1231 671 1264 703 &
1294 667 1455 704 Hickefii
1482 669 1602 704 Libris
1630 670 1822 719 unicuique

1061 728 1175 767 petere
1203 720 1347 756 licebit.
1376 719 1473 754 Mihi
1502 720 1539 754 in
1569 720 1757 767 praesentia
1784 723 1820 758 id

1061 783 1168 805 unum
1197 769 1409 818 propositum
1438 769 1503 813 est,
1533 781 1571 805 ut
1601 772 1734 819 aliquid
1765 772 1822 808 in-

1059 834 1162 856 nuam
1191 821 1232 856 de
1269 820 1381 865 falfis,
1409 819 1656 866 interpolatis,
1685 836 1723 857 ac
1757 823 1822 860 du-

1059 871 1127 907 biis
1164 870 1333 915 Chards,
1368 872 1460 919 quod
1499 871 1636 907 fortasse
1673 873 1824 910 minori-

1060 925 1120 958 bus
1149 922 1301 971 ingeniis
1329 922 1404 958 usui
1434 922 1623 970 aliquando
1652 924 1715 959 effe
1744 924 1821 972 pos-

1058 973 1117 1009 slt.
1145 976 1220 1017 jam
1253 975 1344 1010 Part.
1373 975 1419 1009 11.
1447 975 1553 1009 Tom.
1585 977 1611 1009 l.
1642 977 1719 1010 Rer.
1750 977 1822 1011 Ita-

1057 1025 1154 1060 licar.
1190 1023 1377 1069 indicavi,
1414 1035 1500 1072 quot
1539 1024 1745 1071 Diplomata
1784 1039 1821 1062 a-

1058 1085 1153 1122 perte
1194 1075 1416 1124 suppofiticia
1457 1076 1495 1110 in
1537 1075 1718 1111 Chronico
1761 1076 1821 1112 suo

1058 1126 1245 1174 protulerit
1285 1127 1435 1162 vetustus
1471 1126 1610 1161 Αυέῒοτ
1647 1127 1821 1164 Chronici

1057 1177 1174 1212 Sanesti
1199 1178 1383 1213 Vincentii
1403 1177 1444 1213 ad
1468 1180 1705 1213 Vulturnum:
1731 1187 1820 1225 quot

1057 1229 1164 1262 etiam
1193 1227 1318 1263 dubiae
1347 1227 1430 1263 fidei
1451 1227 1542 1276 figna
1570 1230 1606 1264 in
1633 1228 1713 1264 aliis
1742 1228 1821 1264 sub-

1058 1280 1218 1321 luceant,
1255 1277 1333 1313 illic
1370 1278 1529 1318 ostendi,
1566 1289 1605 1314 ut
1650 1281 1682 1314 8<
1727 1281 1820 1316 Part.

1060 1330 1104 1363 11.
1133 1330 1240 1363 Tom.
1277 1330 1323 1362 11.
1353 1328 1389 1362 in
1427 1329 1609 1363 Chronico
1646 1329 1821 1366 Farfenfi.

1057 1381 1181 1425 Longe
1218 1379 1315 1424 plura
1344 1378 1446 1413 habes
1483 1379 1520 1413 in
1560 1379 1662 1414 Italia
1691 1382 1819 1429 Sacra;

1058 1439 1168 1473 neque
1205 1428 1298 1461 enim
1341 1428 1510 1475 Ughellio
1548 1428 1597 1463 sat
1633 1429 1819 1474 Criticae‚

1056 1486 1117 1511 aut
1143 1476 1299 1523 profesto
1326 1489 1394 1511 non
1422 1477 1470 1512 sat
1499 1478 1706 1526 diligentiae
1730 1478 1821 1515 sem-

1057 1540 1117 1574 per
1144 1525 1212 1561 fuit
1240 1527 1281 1561 ad
1314 1526 1516 1563 secernenda
1554 1529 1714 1577 legitima
1743 1543 1820 1566 mo-

1057 1585 1223 1616 numenta
1252 1591 1269 1612 a
1299 1577 1442 1625 spuriis.
1477 1580 1530 1614 Ex
1560 1579 1614 1614 his
1641 1589 1756 1616 autem
1787 1580 1819 1617 se

1057 1628 1157 1663 nobis
1186 1629 1359 1668 offerunt,
1387 1643 1475 1676 quae
1503 1630 1674 1665 continuo
1701 1632 1818 1679 ἐπηρα-

1056 1679 1178 1714 [iuram
1206 1679 1377 1727 produnt:
1406 1689 1476 1714 tam
1502 1681 1605 1729 longe
1630 1681 1817 1717 abscedunt

1056 1743 1174 1766 eorum
1205 1729 1375 1765 formulae
1403 1744 1420 1766 a
1448 1739 1645 1778 temporum
1674 1731 1711 1767 &
1742 1746 1818 1780 per-

1058 1780 1215 1816 sonarum
1254 1781 1354 1820 stilo,
1382 1794 1421 1816 ac
1459 1781 1639 1826 moribus,
1665 1782 1698 1817 8(
1737 1795 1817 1818 cum

1058 1831 1232 1868 Historiae
1269 1841 1382 1867 certae
1425 1832 1663 1868 monumentis
1704 1832 1818 1882 digla-

1055 1882 1215 1918 diantur.
1246 1885 1326 1918 Huc
1357 1882 1481 1918 referas
1521 1883 1731 1924 Vitelliani,
1761 1884 1818 1921 seu

1055 1933 1232 1969 Vitaliani
1263 1935 1373 1981 Papae
1403 1936 1591 1970 Decretum
1622 1934 1664 1970 ab
1695 1934 1818 1970 eodem

186 1980 279 2016 testis
316 1982 465 2030 denique
504 1984 671 2029 Diplorna
707 1983 833 2020 Caroli
867 1987 947 2020 Ma·-
977 2029 978 2033 Ἰ
1026 1986 1030 2029 Ι
1056 1984 1226 2033 ughellio
1257 1984 1390 2020 editum
1419 1986 1526 2020 Tom.
1552 1987 1578 2020 Ι.
1605 1984 1642 2020 in
1670 1984 1819 2021 Catalo-

184 2030 269 2079 gni,
285 2032 378 2079 quod
400 2033 437 2068 in
458 2034 552 2068 calce
572 2033 833 2070 Differtationis
850 2038 945 2071 XXI.

185 2085 225 2117 de
245 2083 361 2117 Italiae
383 2087 479 2118 Statu
515 2086 813 2124 commemoravi,
839 2099 947 2133 quan—

185 2145 291 2180 quam
318 2134 506 2182 Turrigius
534 2148 597 2170 nos
623 2145 763 2171 moneat
794 2138 885 2172 Part.
913 2149 947 2172 2.

181 2195 262 2232 pag.
292 2196 375 2233 239.
402 2186 484 2219 delle
514 2186 601 2229 sacre
636 2189 744 2221 Grme
776 2188 946 2227 Vaticane‚

182 2233 259 2282 ejus
286 2234 480 2284 fragmenta
507 2236 544 2272 in
582 2236 714 2284 pariete
741 2237 946 2273 Monasterii

184 2285 339 2321 Romani
377 2286 580 2322 Sane’mrum
611 2287 796 2323 Vincenrii
829 2289 863 2323 &
892 2290 946 2323 A-

189 2334 318 2371 nastafii
355 2336 414 2372 suo
453 2350 540 2372 aevo
570 2337 786 2383 superfuisse.
823 2341 946 2385 Atque

189 2378 284 2436 idem
301 2387 488 2435 Turrigius
509 2387 572 2423 ille
591 2387 656 2431 est,
677 2389 738 2435 qui
762 2402 838 2437 pag.
861 2401 944 2437 503.

190 2429 341 2479 ejusdem
377 2437 500 2477 Libri,
536 2438 726 2486 Diploma,
755 2439 777 2473 fi
815 2440 945 2488 superis

189 2482 327 2529 placet,
346 2484 469 2521 Caroli
491 2488 618 2539 Magni
641 2488 806 2527 edufium
829 2503 848 2526 e
872 2492 944 2526 Ta-

290 2535 379 2570 Tom.
407 2537 481 2571 VH.

976 2027 1015 2087 {E
1054 2049 1098 2084 go
1119 2035 1320 2084 Episcopor.
1343 2035 1548 2072 ferrariens.
1570 2035 1606 2071 in
1632 2049 1701 2084 quo
1725 2038 1818 2071 Pon-

1055 2086 1144 2122 tifex
1182 2086 1244 2122 ille
1281 2086 1531 2135 Episcopatum
1563 2086 1816 2122 Ferrariensem

1055 2136 1239 2173 instituisse
1275 2136 1428 2180 dicitur,
1456 2136 1493 2172 δε
1531 2136 1713 2173 Marinum
1747 2136 1816 2173 Ci-

1054 2187 1162 2223 vitati
1191 2187 1247 2223 illi
1276 2186 1470 2234 praefecisse
1498 2187 1732 2236 Episcopum,
1759 2200 1816 2223 ac—

1056 2238 1199 2274 cedente
1226 2238 1334 2274 etiam
1372 2237 1536 2274 consensu
1565 2238 1811 2287 ImperatoriS,

1055 2289 1116 2324 ubi
1156 2290 1249 2338 leges
1289 2301 1428 2337 quoque
1468 2289 1651 2332 intueare,
1687 2287 1811 2336 quibus

1005 2336 1009 2341 ⁵
1054 2339 1202 2385 regenda
1243 2338 1281 2375 in
1318 2340 1485 2387 posterum
1528 2349 1601 2375 erat
1637 2336 1810 2374 Ferrariae

1054 2388 1219 2426 Civitas.
1256 2389 1387 2425 Insulsa
1423 2390 1508 2425 adeo
1544 2402 1583 2424 ac
1611 2389 1728 2434 inepta
1764 2386 1810 2421 est

1053 2455 1093 2477 ea
1129 2454 1243 2477 rerum
1280 2439 1319 2476 &
1355 2440 1538 2476 verborum
1574 2438 1734 2485 farrago,
1771 2446 1811 2472 ut

1054 2490 1091 2527 in
1119 2493 1241 2528 oculos
1267 2491 1428 2528 omnium
1460 2487 1602 2525 inscitia
1627 2500 1667 2524 ac
1693 2486 1810 2543 infan-

1120 2544 1150 2576 Β
1707 2546 1759 2574 tia
