2232 3089
279 237 361 274 ²09

530 216 896 262 DISSERTATIO
939 214 1516 272 TRlGESJMAQJlNCTA
1526 245 1536 258 .

1705 232 1789 261 210

217 277 441 328 Apollinaris
462 291 599 326 quoque
619 276 784 313 Sidonius
804 276 886 312 Lib.
908 276 977 324 pri·
1000 279 1047 313 !A
1083 274 1276 310 imberbem
1315 273 1460 310 referat.
1499 272 1662 321 Denique
1697 274 1736 310 in
1765 275 1846 311 Dif-

218 344 303 375 mo,
340 329 446 378 Epist.
487 343 517 366 ι..
546 327 801 364 Theodericum
840 327 977 362 Gotho—

216 394 297 420 rum
336 383 465 430 Regem
503 379 718 422 describens,
746 381 819 414 ait:
852 379 979 423 Capitis

216 444 299 481 apex
325 435 498 473 rotundus,
525 430 558 464 in
584 443 642 477 quo
668 430 834 475 paululum
860 443 881 463 a
905 431 978 476 pla-

218 484 300 520 eicie
329 482 446 527 frontis
473 481 506 515 r'n
532 481 678 515 verticem
714 481 861 525 caesaries
897 480 980 522 resu-

215 548 263 583 gae
296 534 473 580 crispatur.
504 531 578 567 Post
616 533 684 567 alia
726 531 863 568 subdit:
904 534 977 566 Au-

217 585 300 619 rium
325 583 466 630 legulae,
488 582 569 623 ficut
590 585 691 617 ‘Mos
716 582 757 624 esl
783 584 979 621 CENTU,

217 634 351 670 erinium
374 632 636 681 superjacentium
656 633 805 680 flagellis
834 634 972 680 operiun-

218 695 292 720 tur.
319 686 413 734 Ergo
451 696 525 719 mos
554 684 728 719 Gothicae
766 685 880 733 gentis
911 684 980 719 fuit

1056 324 1272 361 ,sertatione
1309 327 1460 360 xxvii.
1487 326 1524 359 de
1561 327 1695 359 Moneta
1730 327 1846 362 Num..

1083 389 1179 412 mum
1219 377 1380 411 Baduilae
1414 375 1615 411 Gothorum
1655 375 1758 424 Regis
1787 377 1847 413 de-

1082 427 1139 463 di.
1162 428 1244 463 Non
1270 426 1446 462 diffimilis
1472 427 1522 462 ibi
1544 426 1588 462 est
1613 427 1752 463 tonsura
1777 428 1846 464 cri—

1084 478 1180 514 nium
1195 504 1203 514 .
1228 478 1285 513 Ad
1307 478 1557 526 Langobardos
1578 478 1671 525 quod
1693 479 1845 522 attinet,

1082 528 1111 564 ii
1148 538 1314 578 regnante
1349 527 1515 578 Agilulfo
1554 531 1669 577 Rege,
1701 530 1848 565 cervicem

1082 580 1175 627 usque
1201 581 1245 614 ad
1270 580 1443 624 occipitium
1470 582 1614 615 radentes
1651 583 1818 616 nudabant
1826 594 1848 625 ,¹

1082 631 1213 674 capillos
1238 645 1259 665 α
1281 631 1364 674 fan'e
1383 633 1476 679 usque
1501 635 1546 666 ad
1571 645 1601 665 os
1620 631 1760 677 drmiffos
1787 633 1848 668 ba-

1082 683 1206 721 bentes,
1228 695 1301 728 quor
1323 683 1357 716 in
1377 693 1539 729 utramque
1564 693 1685 727 panem
1705 684 1739 717 in
1754 683 1848 728 fron-

217 735 388 783 erispaoe,
418 733 500 770 idest
528 734 729 781 intorquere
767 735 900 777 crines,
928 734 979 768 ei-
1019 729 1060 768 B}
1081 732 1126 766 tis
1152 732 1330 776 discrimine
1364 734 1574 769 dividebant.
1612 735 1664 768 Ita
1704 735 1847 771 Paullus

218 786 302 834 sque
326 798 422 822 aures
448 784 606 831 operire3
633 794 707 818 tum
736 783 827 830 ipsos
853 783 890 818 in
916 797 976 819 no-

217 836 301 876 dum
339 833 506 870 collefitos
543 835 665 869 ducere
710 833 781 881 post
817 843 980 883 tergum,

217 898 288 922 non
320 887 404 922 vero
440 883 625 919 demittere
664 883 762 933 super
797 884 980 921 humeros.

216 938 259 974 ln
282 935 437 972 Annulis
461 934 531 971 istis
559 935 714 971 virorum
742 935 904 972 caesaries
925 937 977 972 in-

217 995 312 1024 torta
339 987 404 1024 esse
434 986 594 1024 videtur.
622 985 677 1022 sed
712 1000 781 1023 non
810 988 895 1023 adeo
923 988 975 1023 de-

218 1037 341 1083 missa,
369 1049 409 1074 ut
436 1051 531 1076 aures
560 1037 712 1087 integras
739 1039 875 1085 operire
906 1037 976 1087 pos-

219 1088 280 1125 fit.
308 1091 430 1137 Atque
458 1088 535 1124 heic
564 1088 630 1124 sese
664 1090 765 1125 nobis
791 1090 895 1125 offert
925 1088 979 1124 lfi-

218 1139 323 1176 dorus
363 1140 444 1177 Lib.
477 1152 531 1186 19.
561 1139 700 1188 Origin.
729 1140 779 1176 ita
808 1140 979 1176 scribens:

1086 783 1262 818 Diaconus
1300 784 1381 820 Lib.
1409 798 1444 829 4.
1474 786 1560 831 Cap.
1600 796 1656 831 23.
1686 788 1726 821 de
1755 786 1848 821 Gest.

1082 834 1417 881 Langobardorum.
1447 837 1659 871 Horrentem
1691 836 1782 873 hunc
1810 849 1849 873 a·

1083 884 1238 933 [pesitum
1277 898 1347 920 non
1376 899 1493 922 cernas
1532 887 1568 921 in
1596 885 1713 936 effigie
1751 887 1849 924 viro-

1082 947 1182 978 rum,
1208 948 1294 982 quos
1324 949 1432 984 nuper
1461 937 1632 983 produxi,
1657 940 1677 972 fi
1702 938 1848 974 divisio-

1083 998 1163 1020 nem
1200 984 1351 1021 crinium
1391 988 1569 1035 excipias,
1598 1001 1686 1035 quae
1723 988 1760 1024 in
1791 988 1847 1025 Si·

1082 1036 1172 1084 gillo
1206 1040 1279 1071 01)ae
1315 1039 1493 1073 occurrit.
1532 1040 1664 1074 Verum
1705 1040 1847 1077 Paullus

1082 1089 1290 1123 immutatos
1319 1089 1603 1137 Langobardicae
1627 1090 1742 1139 gentis
1769 1103 1848 1127 mo-

1082 1151 1133 1174 res
1154 1137 1204 1173 sat
1225 1139 1341 1183 prodit
1355 1167 1365 1183 ,
1386 1153 1494 1187 quum
1522 1141 1572 1176 ait
1586 1167 1596 1185 ,
1617 1140 1847 1178 Modoetien-

218 1192 403 1227 Nonnullae
423 1202 533 1238 gemes
557 1204 615 1224 non
638 1193 742 1235 solum
769 1191 803 1225 in
824 1191 983 1233 vestibus,
1018 1196 1050 1232 C
1083 1187 1151 1224 sem
1176 1189 1349 1236 pib'turam
1372 1191 1567 1231 ostendere,
1588 1197 1735 1239 quomodo
1759 1196 1848 1228 Lan-

212 1241 272 1287 sed
299 1241 345 1280 Θ
381 1243 414 1276 in
450 1253 568 1286 corpore
604 1242 715 1288 aquua
743 1241 810 1282 fibi
845 1241 985 1288 insignia

218 1292 414 1331 vendicant,
450 1302 485 1325 ut
521 1291 666 1324 videmus
693 1291 785 1326 cirros
812 1295 980 1327 Germano-

219 1354 312 1383 rum,
346 1354 488 1388 granos,
525 1340 572 1379 Θ
607 1341 761 1377 cinnabar
796 1343 983 1377 Gothorum.

220 1390 340 1428 Torsit
370 1405 438 1427 vox
465 1395 592 1426 Granus
618 1391 764 1441 insignes
792 1394 887 1429 viros
913 1394 972 1429 Sir-

219 1443 418 1481 mondum,
452 1444 687 1484 Savaronem,
717 1445 922 1488 La-Cerda,
950 1445 980 1479 3<

219 1491 447 1528 Salmafium.
484 1490 517 1525 Si
556 1503 614 1525 eos
651 1491 906 1535 auscultamus,
943 1495 980 1528 fi—

219 1542 367 1591 gnificat
405 1542 551 1589 capillos
590 1539 877 1582 discriminatos,
915 1541 982 1577 five

219 1592 371 1642 sparsos.
401 1592 469 1628 sive
506 1600 709 1635 contortos,
737 1605 824 1641 quos
856 1592 978 1641 postre-

218 1656 296 1679 mos
333 1644 452 1678 Treccie
485 1643 607 1678 Italice
643 1644 879 1690 appellamus..
910 1646 977 1680 Ve*
1018 1649 1050 1682 D

215 1694 293 1730 rum
318 1693 535 1742 praeferenda
558 1693 781 1730 eruditiffimi
806 1693 977 1731 Du-Can-

215 1744 268 1794 gii
291 1744 483 1784 sententia,
505 1744 709 1789 scribentis,
731 1744 898 1795 designari
922 1760 980 1794 per

215 1808 341 1831 vocem
369 1797 471 1831 Grani
500 1796 662 1841 barbam,
684 1809 773 1844 quae
800 1797 890 1833 infra
920 1811 973 1833 na-

213 1859 267 1883 tes
295 1847 364 1890 est,
393 1847 448 1883 seu
485 1846 664 1893 Mysiam,
691 1848 753 1895 qui
792 1861 884 1884 nunc
916 1862 978 1884 no-

216 1895 270 1932 bis
298 1896 464 1933 dicuntur
495 1897 686 1939 Mustaccbi.
724 1898 872 1948 Egregia
900 1898 978 1935 sunt

214 1945 254 1983 in
282 1946 369 1983 hanc
398 1961 467 1983 rem
498 1948 669 1991 Ernulphi
698 1950 864 1986 Roffenlis
894 1950 976 1998 Epi-

215 1996 312 2046 scopi
349 1999 452 2034 verba
491 1998 526 2034 in
557 2000 750 2048 spicilegio
790 2000 975 2036 Dacheria-

215 2061 282 2085 no.
321 2051 443 2084 Evenit
474 2049 649 2096 frequenter
678 2051 755 2096 (ait
791 2049 902 2099 ille,)
939 2060 978 2087 ut

214 2098 363 2138 barbati,
399 2100 445 2139 69·
480 2101 615 2144 prolixos
652 2101 798 2136 habentes
833 2105 977 2146 Granos,

212 2151 287 2186 dum
312 2151 454 2197 poculum
479 2152 562 2185 inter
583 2151 689 2198 epulas
718 2152 865 2197 sumunt,
888 2153 977 2197 prius

213 2201 331 2247 liquore
356 2202 437 2246 pilos
476 2201 644 2246 infisiant„
674 2206 767 2249 quim
803 2204 849 2237 ori
874 2206 976 2251 quuo—

213 2263 275 2285 rem
316 2253 508 2295 infundant.
555 2252 704 2289 Aufredi
751 2254 788 2289 in
830 2255 977 2291 Annulo

214 2299 339 2349 sculpti
367 2302 519 2348 effigiem
558 2303 668 2339 rursus
707 2304 863 2341 intuere:
897 2309 971 2350 My—

210 2350 327 2392 fiacum
354 2353 464 2389 forma
490 2354 525 2389 in
554 2355 626 2401 ejus
653 2369 712 2391 ore
741 2357 889 2392 minime
916 2357 974 2393 de-

217 2398 397 2442 sideratur,
427 2418 512 2452 quos
539 2406 730 2450 ostentare,
760 2417 798 2444 ut
830 2407 975 2444 Isidorus

217 2461 281 2485 nos
316 2451 458 2496 docuit,
494 2457 661 2491 Gothorum
697 2471 772 2493 mos
809 2457 896 2495 fuit.
936 2461 1000 2498 ln.

218 2501 330 2536 altero
368 2505 510 2539 Annulo
542 2508 637 2542 nulla
674 2522 792 2544 eorum
832 2510 974 2559 vestigia

217 2549 412 2589 habentur.
440 2567 546 2599 quum
576 2556 686 2605 figura
719 2559 974 2597 adolescentem

319 2606 398 2639 Tem
426 2606 499 2640 VII.

1079 1242 1212 1286 gabardi
1239 1254 1272 1274 eo
1298 1253 1430 1288 tempore
1455 1256 1571 1278 comam
1597 1245 1710 1290 capitis
1737 1245 1847 1279 tonde·

1083 1291 1186 1324 bane:
1212 1304 1292 1326 nam
1324 1293 1440 1328 Paulli
1467 1307 1555 1329 aevo
1591 1296 1661 1329 alia
1689 1294 1757 1330 fuit
1787 1308 1847 1331 ve-

1082 1340 1183 1377 stium
1220 1340 1259 1378 &
1287 1343 1497 1390 capillorum
1533 1343 1719 1381 struaura.
1747 1348 1848 1381 Ana-

1083 1391 1194 1427 stafius
1231 1401 1346 1428 autem
1385 1393 1422 1428 in
1461 1395 1546 1429 Vita
1583 1395 1747 1444 Gregorii
1782 1399 1846 1433 111.

1085 1443 1196 1490 Papae
1216 1442 1338 1479 auster
1356 1444 1424 1487 est,
1444 1444 1505 1480 sub
1528 1445 1752 1495 Liutprando
1780 1449 1849 1483 Re-

1083 1506 1123 1539 ge
1161 1494 1297 1529 nobiles
1326 1496 1504 1531 Romanos
1540 1498 1738 1544 complures
1767 1511 1847 1533 more

1084 1543 1364 1586 Langobardorum
1388 1545 1506 1580 tonsos
1530 1545 1568 1581 &
1595 1547 1736 1584 vestitos
1764 1548 1849 1584 fuis-

1083 1592 1135 1626 se.
1164 1592 1249 1627 Alia
1287 1593 1381 1629 enim
1410 1606 1483 1631 erat
1520 1597 1610 1645 apud
1648 1600 1848 1644 Romanos,

1082 1642 1151 1677 alia
1178 1643 1268 1691 apud
1296 1646 1548 1695 Langobardos
1579 1649 1747 1685 tondendi
1777 1650 1847 1686 cri-

1082 1692 1135 1728 nis
1164 1694 1276 1730 ratio.
1306 1697 1443 1732 Notum
1474 1711 1576 1745 porro
1606 1699 1673 1738 est.
1702 1702 1847 1749 Lango-

1082 1744 1256 1780 bardicam
1285 1757 1448 1795 gentem,
1478 1749 1530 1784 uti
1562 1748 1598 1785 &
1628 1751 1845 1797 Gothicam,

1080 1795 1199 1830 aluisse
1226 1797 1387 1832 barbam:
1415 1809 1519 1847 atque
1546 1799 1630 1836 haec
1657 1800 1736 1838 sane
1760 1815 1845 1838 con-

1081 1845 1226 1894 spicitur
1263 1848 1299 1882 in
1337 1849 1454 1898 effigie
1490 1851 1668 1894 =,aufredi-,-
1703 1852 1845 1900 ejusque

1078 1896 1185 1932 etiam
1216 1898 1357 1948 vestigia
1387 1899 1424 1935 in
1454 1902 1554 1937 vultu
1589 1902 1733 1938 alterius
1760 1904 1846 1939 ado-

1078 1947 1240 1984 lescentis
1282 1961 1496 1987 cernuntur.
1533 1954 1586 1988 De
1632 1956 1845 1990 Francorum

1079 2000 1331 2044 capillamento
1357 2003 1570 2050 locupletem
1598 2003 1764 2041 habemus
1792 2015 1846 2041 te-

1078 2049 1159 2085 stem
1183 2051 1374 2099 Agathiam
1397 2054 1434 2089 in
1457 2054 1539 2090 Lib.
1562 2054 1677 2103 primo
1701 2057 1743 2092 de
1765 2057 1846 2093 Bel—

1078 2102 1114 2137 lo
1134 2101 1292 2138 Gothico
1318 2103 1548 2141 scribentem:
1574 2108 1648 2141 Mos
1673 2108 1716 2150 eft
1735 2110 1845 2143 Fran-

1078 2166 1178 2187 corum
1206 2156 1347 2200 Regibus
1375 2157 1498 2191 tonderi
1526 2171 1717 2204 numquam.
1738 2159 1797 2202 sed
1822 2172 1845 2193 a

1074 2203 1181 2250 pueris
1207 2218 1321 2239 comam
1347 2206 1450 2249 alere,
1477 2219 1556 2252 quae
1589 2209 1694 2252 pulcre
1721 2209 1843 2256 impen—

1076 2257 1130 2289 det
1157 2255 1313 2298 humeris,
1340 2257 1435 2292 etiam
1467 2257 1584 2301 frontis
1619 2258 1758 2294 crinibus
1788 2261 1841 2294 di-

1076 2305 1210 2348 viduis,
1238 2306 1281 2339 (9·
1308 2306 1342 2340 in
1378 2318 1540 2353 utramque
1565 2309 1596 2351 se
1617 2310 1841 2357 spargentibus

1074 2366 1195 2402 parurn
1216 2354 1289 2394 &a
1310 2359 1408 2404 quue
1425 2361 1512 2405 apud
1531 2361 1602 2394 illos
1623 2363 1746 2409 Regiae
1760 2375 1840 2408 gen-

1076 2407 1119 2441 tis
1147 2406 1289 2453 insigne,
1317 2410 1462 2455 decusque
1497 2414 1559 2451 eli,
1587 2425 1680 2457 quum
1713 2410 1840 2458 privati

1077 2458 1111 2492 in
1138 2461 1316 2494 ORBEM
1338 2463 1556 2496 TONDERI
1574 2463 1717 2506 soleant,
1743 2473 1840 2506 neque

1072 2511 1252 2556 promittere
1278 2511 1429 2555 capillum
1451 2512 1619 2552 sinantur.
1647 2513 1839 2559 Gregorius

1049 2563 1218 2608 {quoque
1246 2562 1457 2597 Turonensis
1484 2563 1567 2598 Lib.
1596 2573 1616 2609 3
1659 2561 1747 2599 Can.
1781 2564 1839 2599 18.

1165 2612 1200 2646 O
1657 2612 1788 2649 Histor-
