2232 3089
812 208 1178 255 HISTORIA

483 323 845 359 CAPITOLO
886 319 1101 354 XXXIII.

471 214 551 266 Q:

409 428 433 464 Ι
451 425 614 467 Colonnesi
640 426 791 459 ami-vano
815 436 835 458 a
859 425 964 456 Roma
989 418 1172 464 coll’eserci—

460 489 513 519 n,
541 491 556 510 e
582 478 615 510 la
642 487 772 509 trovano
792 473 934 517 serrata.
971 473 1034 505 Ma
1060 482 1166 514 apren-

460 527 527 568 defi
552 528 585 561 la
614 529 734 569 Porta,
761 533 878 558 mentre
912 523 947 558 la
969 532 1063 569 gente
1087 519 1176 568 paffa

460 578 497 613 in
523 577 722 622 onlinanza,
744 574 811 620 solo
831 573 942 619 Janni
970 573 1112 607 Colonna
1138 573 1176 607 vi

461 639 552 663 entra
584 627 832 674 generosamente
865 631 998 668 dentre,
1024 624 1104 658 dove
1137 637 1175 657 ne

461 680 581 714 rimam
607 678 723 722 ucctso.
777 723 786 726 s

516 833 586 866 Ora
623 843 678 866 me
714 842 758 865 ne
794 835 899 864 torno
935 840 954 863 a
990 828 1024 862 13
1058 831 1172 862 vatta-

541 879 632 931 glia.
655 879 841 917 Colonnefi
863 879 895 914 se
917 877 1087 914 muoffero
1108 889 1174 911 con
1216 904 1228 910 ,

408 947 539 983 granne
575 932 715 968 sfuorzo
742 931 783 966 da
820 929 1050 966 Monimento
1078 927 1170 961 dalla

407 985 517 1021 miesa
545 993 664 1019 notre.
701 978 955 1018 Connufferose
993 979 1063 1014 allo
1089 979 1172 1012 Mo—

408 1035 550 1071 nisterio
585 1035 627 1069 de
670 1036 776 1069 Santo
812 1031 992 1068 Lorienzo
1029 1028 1102 1063 fore
1139 1028 1172 1062 le

409 1098 529 1122 mura.
560 1087 627 1120 Era
657 1085 694 1119 lo
730 1082 865 1130 tiempo
901 1078 1173 1117 tenerescievole

408 1149 453 1185 pe
481 1138 513 1171 13
542 1135 673 1184 piojia,
700 1148 718 1170 e
751 1147 790 1181 pe
817 1134 855 1168 lo
885 1132 1003 1180 aspero
1032 1128 1173 1165 freddo.

407 1187 639 1224 Addunarose
666 1185 693 1220 li
721 1184 874 1226 Baroni,
902 1181 1044 1218 Stefano
1072 1181 1112 1214 de
1139 1179 1173 1212 la

408 1237 599 1281 Colonna,
626 1236 729 1281 Janni
757 1235 804 1269 fio
832 1233 955 1282 figlio,
986 1233 1104 1265 Pietro
1131 1228 1173 1262 de

408 1290 593 1337 Agabito.
621 1289 658 1323 lo
685 1287 787 1334 quale
814 1298 869 1318 era
897 1282 984 1316 stato
1016 1281 1169 1325 Propuo-

408 1340 459 1377 sto
486 1339 527 1374 de
557 1337 738 1374 Marfilia,
766 1334 911 1381 signore
940 1330 981 1365 de
1008 1331 1171 1373 Jenazza-

408 1404 479 1434 120,
504 1389 650 1425 Miffore
673 1385 825 1429 Jordano
851 1384 891 1417 de
915 1380 1074 1423 Marini,
1100 1381 1174 1415 Co-

406 1442 443 1478 la
470 1441 511 1475 de
538 1437 668 1474 Buccio
693 1434 846 1478 Vaccia,
871 1433 1040 1469 Sciaretta
1070 1430 1112 1466 de
1139 1431 1173 1466 13

406 1490 598 1533 colom-1³,
627 1501 646 1523 e
683 1486 789 1523 moiti
819 1483 922 1520 εἰει-ἰ.
961 1486 1124 1518 Vennero
1154 1494 1173 1516 3

407 1540 589 1589 conziglio
625 1539 666 1574 de
694 1551 760 1585 que
794 1535 968 1571 deveffero
1004 1532 1095 1568 fare.
1128 1533 1173 1567 Pe

406 1605 475 1641 que
503 1591 644 1627 stefano
672 1602 728 1625 era
756 1586 916 1624 infestato
942 1584 984 1620 da
1010 1596 1080 1618 uno
1109 1595 1171 1618 vo-

405 1656 531 1686 maco,
557 1656 576 1678 e
603 1653 761 1678 tremava
788 1650 892 1674 como
919 1635 1064 1671 fronna.
1094 1634 1170 1669 Pie·
1195 1643 1199 1653 '

404 1702 463 1730 tro
491 1693 532 1741 de
560 1692 719 1741 Agabito
746 1690 884 1726 effenno
921 1700 966 1722 un
996 1697 1083 1734 poco
1110 1697 1171 1733 ap-

405 1755 582 1792 pannam,
613 1744 760 1778 sonnato
796 1739 829 1775 se
856 1751 940 1773 avea
978 1738 1020 1771 de
1048 1735 1171 1770 vedere

405 1797 440 1831 la
468 1795 525 1831 soa
552 1796 667 1830 donna
696 1792 854 1833 vedova,
882 1788 945 1824 che
977 1787 1171 1835 piagneva,

404 1860 424 1883 e
452 1845 652 1881 sciliavase.
681 1845 728 1878 Pe
756 1853 860 1889 paura
892 1839 934 1874 de
962 1839 1031 1873 tale
1068 1837 1168 1872 suon-

404 1910 452 1932 no
477 1897 509 1931 [e
535 1897 634 1930 volea
659 1892 742 1928 dall'
755 1890 846 1926 hoste
871 1890 1057 1925 affentare.
1087 1890 1169 1923 Non

404 1946 439 1983 se
477 1947 577 1981 volea
614 1955 752 1980 trovare
788 1955 808 1977 3
843 1942 877 1976 13
914 1949 1027 1976 rotta.
1064 1941 1170 1974 Anco

404 1997 560 2034 odivano
595 1994 714 2031 sonare
741 1995 775 2029 la
803 1994 983 2039 Campana
1016 2004 1036 2026 a
1063 1989 1169 2024 stuor-

404 2061 486 2084 mo.
513 2048 692 2095 Sapevano
729 2044 792 2080 che
818 2045 855 2079 1ο
885 2042 1044 2090 Puopolo
1079 2039 1170 2075 forte

403 2097 496 2134 irato
524 2111 580 2133 era
604 2111 622 2132 e
649 2094 889 2132 corrocciato.
914 2095 1019 2128 Anco
1046 2090 1168 2139 perche}
1194 2106 1196 2113 ν

403 2148 546 2184 Stefano
582 2147 675 2183 della
703 2147 866 2182 Colonna
904 2143 1097 2191 Capitanio
1128 2141 1169 2176 de

403 2208 497 2235 tutta
538 2197 562 2234 1’
579 2197 672 2233 hoste
709 2197 883 2245 jenerale,
920 2206 1023 2229 como
1066 2193 1168 2239 jonze

404 2250 462 2293 15,
486 2249 629 2284 denanti
657 2262 676 2283 a
703 2247 789 2282 tutti
815 2248 848 2281 la
877 2244 989 2294 prima
1014 2243 1090 2279 cosa
1115 2242 1168 2277 so-

405 2301 444 2336 lo
471 2312 536 2335 con
562 2312 606 2334 un
632 2298 727 2334 fante
753 2311 772 2332 3
800 2297 938 2332 cavallo
963 2309 980 2330 a
1008 2307 1078 2329 uno
1105 2295 1169 2328 Pa-

406 2349 561 2388 lafren0‚
589 2362 630 2383 ne
655 2349 705 2397 ijo
731 2361 749 2383 3
775 2349 808 2383 13
834 2346 932 2382 voita
957 2346 998 2381 de
1022 2347 1056 2379 13
1087 2345 1168 2379 Por—

406 2409 444 2436 ta
470 2402 512 2435 de
542 2402 676 2442 Roma,
703 2412 721 2434 e
749 2409 940 2433 comenzac·
966 2409 985 2430 a
1014 2394 1167 2430 chiama-

405 2464 444 2487 re
470 2449 512 2485 ad
540 2450 611 2485 aira
644 2449 727 2484 boce
755 2450 787 2483 la
819 2447 960 2495 guardia
998 2459 1015 2480 a
1044 2457 1168 2479 nome.

408 2503 564 2549 Pregava
592 2499 654 2535 che
681 2499 806 2547 apreffe
834 2500 867 2532 13
896 2498 1019 2532 Porta.
1044 2496 1163 2530 Addu—

409 2564 494 2588 ceva
521 2551 633 2600 queste
661 2548 831 2586 rascioni:
871 2549 905 2583 1·
927 2545 975 2593 Jo’
1009 2546 1169 2581 Cinarino

1079 2599 1117 2631 de

1197 210 1639 307 {ROMANAE

1895 213 1980 268 ssfl

1390 321 1425 356 C
1475 321 1512 356 A
1563 323 1603 358 P.
1707 322 1924 358 XXXIII.

1275 419 1533 458 Columnenses
1555 435 1634 459 cum
1657 423 1814 460 exercitu
1840 423 1881 460 ad
1904 423 2037 460 Urbem

1327 473 1676 531 ‘appropinquantesg
1715 474 1869 511 occlusas
1917 476 2039 511 Portas

1327 523 1539 560 mveniunt.
1570 526 1662 560 Dum
1691 525 1780 562 acies
1816 525 1940 562 ordine
1968 535 2040 561 tra-

1327 574 1523 619 ducuntur,
1552 577 1658 611 Porta
1685 576 1871 613 reseratur.
1903 578 1966 612 Per
1991 575 2040 612 ss-

1326 626 1396 660 lam
1434 625 1608 669 Johannes
1646 627 1823 664 Columna
1858 627 1950 663 solus
1978 639 2038 674 ge-

1327 675 1446 711 nerose
1476 676 1634 722 inu-am,
1661 677 1801 714 demum
1834 676 2039 713 interfessus

1326 726 1528 764 occumbit.

1381 831 1414 863 D
1440 843 1497 872 ea,
1524 841 1603 875 quae
1636 829 1671 864 in
1705 840 1814 876 pugna
1848 838 2040 873 evenerunt,

1399 878 1509 920 stilum
1545 890 1705 914 converto.
1733 880 1952 923 columnenses
1979 880 2041 913 cir-

1274 943 1309 964 ca
1335 928 1471 963 mediam
1498 928 1616 963 noc‘lem
1643 943 1756 976 magno
1781 939 1891 964 conatu
1917 943 1937 965 a
1965 931 2042 963 Mo-

1276 989 1421 1013 numenro
1459 978 1676 1023 discesserunt.
1713 984 1775 1013 ,Aa
1812 980 2042 1020 Monasterium

1274 1029 1390 1064 SanHi
1426 1028 1596 1063 Laurentii
1624 1037 1712 1061 extra
1747 1040 1846 1061 muros
1874 1027 1908 1071 se
1935 1038 2042 1062 contu-

1275 1080 1357 1114 lere.
1382 1077 1584 1113 Inclememia
1609 1078 1703 1122 coeli,
1723 1077 1909 1124 pluviarum
1933 1078 2041 1124 copia,
2085 1075 2087 1077 ¹

1276 1130 1320 1166 ,ἴθ’
1346 1128 1476 1174 frigoris
1504 1128 1656 1175 asperitas
1693 1128 1851 1171 instabat.
1879 1130 1918 1163 In
1944 1142 2041 1163 unum

1196 1180 1253 1217 (ἐι
1275 1191 1441 1213 convenere
1468 1182 1631 1219 Basones,
1658 1179 1836 1224 Stephanus
1872 1191 1978 1225 nempe
2002 1183 2041 1215 de

1274 1230 1452 1274 Columna,
1472 1230 1640 1275 Johannes
1678 1230 1744 1275 ejus
1773 1229 1890 1275 filius,
1926 1234 2041 1266 Petrus

1274 1283 1313 1315 de
1339 1281 1512 1327 Agapieo,
1539 1281 1595 1328 qui
1622 1281 1845 1326 Maffiliensem
1877 1280 2040 1325 Praeposi-

1274 1341 1378 1366 turam
1402 1332 1474 1377 jam
1500 1333 1640 1376 obierat,
1668 1332 1822 1367 Dominus
1850 1327 2039 1375 Genestam',

1274 1382 1430 1417 Dominus
1450 1384 1616 1428 Jordanus
1643 1383 1682 1417 de
1708 1383 1862 1427 Marino,
1891 1382 2042 1416 Nicotaus

1274 1433 1385 1468 Bae—cii
1422 1434 1573 1474 Vacciae‚
1599 1434 1756 1469 Sciaretta
1790 1436 1828 1468 de
1865 1434 2041 1472 Columna,

1273 1498 1309 1519 ac
1334 1484 1429 1518 multi
1453 1485 1534 1520 alii.
1562 1487 1671 1532 Itaque
1694 1483 1852 1525 confilium
1877 1482 2040 1527 inierunt,

1273 1535 1353 1581 quid
1384 1535 1464 1578 soret
1501 1537 1677 1583 agendum.
1713 1534 1889 1581 Stephanus
1916 1533 2039 1567 vomitu

1273 1587 1528 1631 excruciabatur,
1555 1586 1600 1625 «ἔφ’
1624 1586 1748 1630 frondis
1775 1586 1817 1619 ad
1843 1585 1942 1626 instar
1967 1597 2040 1619 con-

1272 1636 1486 1681 tremiscebat.
1523 1640 1636 1672 Petrus
1669 1639 1709 1671 cle
1743 1636 1913 1682 Agapiro‚
1943 1647 2038 1682 quum

1272 1687 1340 1721 levi
1370 1687 1476 1732 somno
1504 1687 1539 1732 se
1574 1685 1725 1733 dediffet,
1755 1686 1972 1731 somniaverat
2002 1685 2038 1730 se

1271 1738 1380 1772 videre
1408 1751 1531 1772 uxorem
1553 1737 1646 1783 suam
1681 1747 1841 1783 tamquam
1876 1736 2036 1780 viduam,

1271 1789 1450 1834 lugentem,
1478 1789 1521 1822 (9¹
1553 1798 1630 1835 prae
1665 1788 1797 1830 tristitia
1825 1787 2035 1833 obrigentem.

1272 1841 1326 1874 Ex
1353 1852 1411 1886 quo
1438 1838 1570 1883 terrifico
1596 1839 1721 1886 aspec‘i'u
1741 1838 1858 1883 somnii
1885 1840 1926 1873 ab
1952 1850 2038 1871 exer-

1272 1889 1334 1924 citu
1359 1890 1490 1923 recedere
1513 1890 1710 1925 decreverat.
1736 1887 1913 1935 Constitflui
1934 1901 2037 1923 armo-

1273 1953 1341 1974 rum
1369 1938 1508 1985 intereffe
1534 1940 1675 1975 nolebat.
1713 1943 1808 1974 Porro
1834 1949 1907 1974 tunc
1934 1941 2036 1973 Baro-

1274 2004 1325 2025 nes
1354 2001 1521 2037 campanae
1547 1991 1591 2025 ad
1621 2004 1708 2025 arma
1729 1990 1868 2035 sonitum
1905 1988 2039 2025 auribus

1271 2041 1502 2088 percipiebant.
1529 2039 1679 2076 Sciebant
1715 2045 1892 2075 Romanum
1931 2043 2035 2086 Popu-

1272 2093 1338 2126 lum
1366 2092 1531 2127 iracundia
1558 2092 1601 2130 &⁴
1628 2092 1697 2126 odio
1725 2094 1757 2126 in
1784 2104 1831 2126 eos
1848 2092 2035 2136 summopere

1271 2143 1479 2186 exardescere.
1515 2145 1683 2177 Noverunt
1719 2142 1862 2187 insuper,
1899 2139 2033 2182 Stepha-²

1272 2207 1345 2227 num
1370 2196 1409 2228 de
1435 2193 1590 2228 Columna
1598 2217 1607 2232 ,
1636 2192 1731 2226 totius
1756 2191 1903 2225 exercitus
1931 2189 2030 2232 impe-

1272 2254 1424 2288 ratorem,
1451 2254 1525 2278 tune
1548 2243 1684 2290 primum
1719 2252 1792 2276 ante
1819 2252 1943 2282 omnes,
1971 2251 2030 2272 uno

1223 2340 1226 2342 v
1267 2295 1390 2339 famulo
1412 2294 1517 2341 pedite
1537 2293 1708 2337 sociatum,
1735 2294 1777 2325 ad
1804 2293 1932 2324 Portam
1959 2292 2028 2323 Ro-

1271 2358 1360 2388 mae,
1382 2357 1456 2391 equo
1479 2343 1661 2382 insidentem
1683 2351 1775 2387 prope
1799 2338 1959 2385 acxffiffi,
1985 2337 2032 2377 όν

1270 2395 1340 2429 alta
1365 2407 1437 2427 voce
1471 2392 1620 2433 custodem
1659 2391 1779 2425 nomine
1808 2401 1896 2424 renus
1922 2391 2032 2436 appel—

1271 2442 1363 2491 laffe.
1391 2442 1460 2487 ,Qui
1494 2455 1588 2489 quum
1616 2441 1766 2484 instanter
1800 2441 1965 2488 exposceret
1990 2438 2046 2475 ab⁴

1271 2507 1326 2539 eo,
1352 2504 1389 2528 ut
1413 2497 1543 2528 Portam
1564 2491 1628 2534 fibi
1657 2493 1829 2538 panderet,
1858 2492 1905 2525 his
1934 2491 2032 2526 ratio-

1272 2546 1363 2581 nibus
1396 2557 1433 2581 ae
1466 2543 1569 2579 verbis
1591 2542 1697 2587 suerat
1731 2542 1822 2588 usus.
1853 2544 1930 2592 Ego
1957 2541 2028 2577 sum

1911 2592 1977 2628 Ci-
