2232 3089
464 140 949 196 23AN1
959 141 980 180 r
992 139 1186 195 wum-
1226 137 1438 180 MEDII
1471 139 1633 182 AEV]
1925 160 1980 199 24

406 199 481 234 nari
519 212 610 235 nune
648 198 740 235 mihi
777 199 902 234 liceat.
941 199 1045 233 Tune
1072 198 1167 234 enirn
1192 201 1248 236 *Α
1282 211 1371 245 pus,
1409 205 1469 234 aut
1496 198 1560 234 alii
1598 198 1692 235 casus
1720 198 1974 248 absumserant‚
2002 217 2038 239 a-

405 249 509 286 falsae
536 250 747 286 Chartarum
776 263 905 285 merces
949 247 1166 297 potissimum

406 314 555 349 emerge
547 315 581 337 re
609 300 884 339 consueverunt,
912 312 1019 346 quum
1049 302 1168 346 aliqua

406 351 638 387 controversia
686 351 873 393 fervebat,
920 364 1032 397 neque
1075 353 1167 386 ullae

407 402 653 438 succurrebant
680 402 818 438 tabulae
836 426 846 441 ,
883 400 952 436 five
987 401 1080 448 quod
1108 402 1166 436 de-

406 453 588 501 perditae,
631 453 698 488 sive
736 453 829 501 quod
866 464 1045 498 nunquam
1083 465 1164 487 con-

405 504 553 552 scriptae
597 503 736 538 fuissent
768 530 777 547 ‚
820 502 946 550 quibus
989 515 1050 549 pro
1092 502 1165 550 jure

406 553 466 589 suo
482 582 490 597 ‚
520 554 787 602 poffeffioneque
816 553 873 588 sua
894 560 1065 588 certantes
1087 566 1162 599 pro-

404 618 558 653 pugnare
595 605 757 654 possent.
792 606 1022 652 Compertum
1063 603 1166 639 habe-

404 669 509 699 mus,
549 655 642 691 inter
677 655 896 691 Hadrianum
935 656 997 689 IV.
1038 655 1165 701 Papam

403 707 437 741 δε
487 706 705 742 fridericum
748 707 776 741 I.
819 705 1014 752 Augustum
1058 707 1167 739 Anno

402 758 580 793 MCLIX.
615 756 658 792 de
693 755 832 792 ditione
869 754 1045 791 ferrariae
1085 755 1166 791 lites

404 806 504 842 fuisse
531 806 702 843 excitatas
721 833 729 842 .
768 806 912 842 Petebat
948 805 1043 841 enim
1074 807 1167 841 Pon—

408 857 521 897 tifex,
548 857 629 893 teste
658 856 837 893 Radevico
857 857 939 893 Lib.
963 869 994 892 2.
1015 856 1056 892 de
1075 857 1166 892 Gest.

407 907 577 944 friderici
607 910 634 943 Ι.
661 907 750 955 Cap.
780 919 838 955 30.
864 917 904 943 ut
930 907 991 943 fibi
1018 906 1166 955 poffi’ffio-

405 972 458 993 nes
503 958 658 1000 Ecclesiae
701 963 865 994 Romanae
909 958 1167 1001 restituerentur,

405 1009 452 1047 0²⁹
489 1009 610 1045 tributa
647 1010 814 1044 Ferrariae
838 1035 848 1049 ‚
886 1007 1037 1055 Muffiw,
1075 1010 1166 1043 Fico-

403 1059 464 1093 ‚oli
491 1061 564 1095 &a
596 1062 646 1095 Ea
681 1070 797 1096 tamen
834 1059 1011 1096 occasione
1038 1073 1166 1107 nequa—

405 1122 510 1156 quam
540 1110 704 1159 prodiisse
731 1111 880 1147 Chai-tas
908 1111 987 1146 illas
1015 1109 1166 1159 illegiti-

401 1173 476 1195 mas
505 1161 649 1204 censeo,
677 1175 785 1210 quum
815 1160 1004 1197 Ecclesiam
1034 1164 1163 1197 Roma-

401 1223 483 1246 nam
513 1210 663 1247 minime
700 1211 889 1248 deficerent
927 1211 1090 1247 meliores
1119 1211 1166 1246 ti-

401 1261 471 1317 tuli
511 1274 550 1298 ac
589 1275 815 1310 pergamenae
852 1263 889 1297 in
928 1261 1024 1297 suum
1063 1261 1164 1296 subfi-

402 1311 436 1345 d.
444 1325 500 1346 um
530 1321 614 1346 tunc
644 1312 892 1360 proferendae.
929 1314 1047 1356 Quare
1075 1310 1164 1346 mihi

403 1361 480 1396 seri
510 1360 650 1397 videtur
686 1361 790 1397 simili
796 1376 858 1402 us,
896 1362 1043 1397 caussam
1073 1361 1166 1397 hisce

403 1410 646 1460 confingendis
673 1412 800 1447 dedisse
825 1412 1074 1447 controversias
1096 1423 1165 1445 non

402 1461 508 1497 semel
550 1461 701 1510 agitatas
740 1461 834 1497 inter
870 1460 1165 1508 Archiepiscopos

402 1515 647 1556 Ravennates,
675 1513 708 1547 &
737 1511 928 1559 Episcopos
967 1511 1165 1547 Ferrarien-

402 1563 477 1598 ses.
519 1562 662 1611 Quippe
699 1576 717 1597 a
755 1562 995 1611 compluribus
1033 1561 1166 1597 Seculis

403 1612 628 1650 ferrarienfis
657 1612 808 1648 Ecclesia
845 1614 886 1648 ab
923 1626 994 1648 uno
1030 1612 1166 1648 summo

404 1662 581 1699 Pontifice
609 1662 755 1710 pendet,
784 1676 895 1711 neque
924 1665 1164 1698 Ravennatem

403 1713 680 1762 Metropolitam
703 1713 882 1761 agnoscit.
908 1716 1038 1749 Paucos
1058 1713 1166 1749 etiam

404 1773 486 1800 ante
513 1777 621 1799 annos
648 1763 708 1799 sub
730 1764 920 1800 Benedifflo
943 1766 1041 1799 xiii.
1063 1766 1166 1800 Pont.

406 1815 601 1860 Maximo,
640 1816 758 1850 eadem
799 1815 908 1851 cauffa
946 1817 1078 1851 Romae
1115 1828 1167 1851 re-

407 1865 573 1910 cruduit,
610 1866 645 1901 &
674 1879 735 1914 pro
765 1865 968 1902 Ferrarienfi
997 1865 1168 1902 sententia

406 1915 503 1951 stetit
521 1943 530 1958 ,
567 1916 617 1951 ita
646 1926 685 1952 ut
712 1916 863 1964 denique
891 1916 951 1953 sub
979 1916 1169 1953 Clemente

407 1968 488 2001 ΧΠ.
519 1965 690 2001 Pontifice
720 1966 884 2003 Maximo
909 1968 1167 2012 Archiepiscopa-

408 2027 458 2051 tm
487 2016 619 2052 honore
657 2017 878 2052 Ferrariensis
915 2017 1066 2052 Ecclesia
1094 2017 1165 2052 sue—

405 2068 454 2103 rit
482 2067 666 2111 decorata,
694 2067 874 2102 adnitente
902 2067 938 2102 in
970 2067 1092 2114 primis
1122 2070 1167 2102 E-

404 2117 662 2153 minenriffimo
689 2116 876 2153 Cardinali
907 2117 1024 2162 Rufo,
1067 2127 1168 2153 antea

404 2168 608 2217 Episcopo,
647 2168 730 2203 inde
758 2167 1057 2216 Archiepiscop0‚
1095 2169 1168 2215 eju-

405 2219 497 2255 sdem
522 2219 651 2256 Urbis.
675 2218 798 2265 Itaque
821 2218 890 2266 post
912 2220 1055 2254 Annum
1078 2218 1169 2255 MC.

408 2279 467 2305 aut
489 2268 616 2306 MCC.
639 2282 746 2318 quum
768 2269 832 2304 hac
852 2269 892 2304 de
912 2283 970 2313 re,
999 2279 1036 2304 ut
1057 2269 1169 2317 conji—

408 2333 458 2356 ce
459 2334 483 2356 ·e
504 2321 553 2357 fas
572 2321 640 2365 est,
639 2284 837 2355 chclesiae
859 2319 1078 2355 Ferrarienfis
1100 2319 1170 2367 pri-

406 2372 581 2420 vilegium
609 2372 646 2407 in
675 2370 945 2407 controbersiam
984 2370 1092 2405 adduc
1097 2383 1169 2405 ere-

407 2431 490 2460 tur,
528 2435 639 2470 neque
675 2422 715 2458 ad
754 2434 895 2457 manum
935 2421 1041 2456 essent
1070 2431 1171 2456 vetu-

408 2472 474 2509 stae
515 2473 728 2512 exemtionis
769 2473 920 2520 Bullae,
955 2485 1041 2522 quas
1079 2482 1171 2509 tem-

1225 822 1237 827 >
1280 803 1502 852 gnorantiam
1531 804 1789 853 deprehendat.

1279 248 1389 295 liquis
1418 248 1558 292 adfuit,
1585 250 1647 298 qui
1675 261 1769 286 ratus
1796 251 1888 287 nihil
1919 254 1951 289 se
1980 267 2040 289 ve-

1279 298 1378 334 ritati
1407 301 1440 334 8<
1470 313 1580 346 aequo
1608 301 1889 341 adversaturum,
1924 303 2040 339 Char-

1279 359 1331 383 tas
1373 350 1434 385 suo
1476 351 1620 399 ingenio
1661 352 1867 396 confinxit,
1913 353 2040 399 quibus

1279 399 1332 447 jus
1379 401 1645 437 ferrariensium
1694 403 1840 439 minime
1889 403 2010 439 fifflum
2029 431 2040 449 ‚

1280 450 1334 484 led
1364 464 1484 486 verum
1513 465 1551 487 ac
1580 462 1736 498 certum,
1772 463 2039 503 protegeretur.

1281 503 1377 535 Haec
1407 501 1495 536 mihi
1525 502 1724 550 hujusmodi
1761 504 1971 541 Chai-tarum
2000 519 2042 541 o-

1280 550 1356 598 rigo
1393 551 1491 587 fuisse
1519 552 1679 588 videtur.
1717 554 1824 590 Hisce
1861 556 1972 592 honor
2000 570 2040 592 o-

1279 601 1342 635 lim
1375 600 1465 642 fuit,
1504 601 1541 638 ἃ
1569 604 1704 639 nemini
1733 605 1770 640 in
1799 616 1952 641 mentem
1982 621 2042 642 ve-

1280 651 1399 687 niebat
1427 651 1507 687 illas
1536 655 1696 689 arcessere
1724 654 1816 690 falfi.
1852 660 1899 692 At
1926 656 2038 693 nostra

1280 711 1372 738 aetas
1401 703 1617 740 acutioribus
1645 705 1758 740 oculis
1798 715 1896 741 utens
1915 734 1924 750 ,
1965 707 2043 744 fieri

1279 752 1441 811 nequit&
1465 754 1551 801 quin
1590 755 1746 802 supinam
1784 756 1980 800 impostoris
2009 758 2042 794 i·-

1828 809 1952 855 Neque
1980 822 2042 844 ve-

1279 857 1317 889 ro
1359 853 1529 890 immunis
1565 857 1607 891 ab
1644 856 1680 891 id
1717 870 1823 904 genus
1860 857 2040 906 figmentis

1280 904 1504 940 celeberrima
1547 905 1619 954 ipsa
1664 909 1847 943 Ravennas
1888 909 2041 945 Ecclesia

1279 955 1393 990 abiit.
1434 956 1732 1004 splendidissimas
1773 958 1913 994 Literas
1954 961 2043 995 Gre-

1278 1005 1372 1055 gorii
1400 1006 1527 1055 Magni
1559 1009 1670 1055 Papae
1698 1008 1939 1055 Hieronymus
1969 1012 2044 1046 Ru-

1280 1057 1361 1092 beus
1389 1057 1472 1093 Lib.
1499 1070 1535 1103 4.
1564 1058 1696 1095 Histor.
1738 1061 1931 1096 Ravennat.
1961 1074 2044 1097 exe-

1280 1106 1377 1149 ruit,
1414 1122 1451 1141 ex
1485 1109 1699 1154 vetuftiffi‘mis
1734 1111 1940 1145 monumentis·
1980 1111 2043 1146 Bi-

1279 1158 1357 1192 bliot
1362 1158 1450 1191 herae
1487 1159 1636 1198 Uist'anae
1671 1162 1876 1207 depromtas,
1915 1161 2043 1208 quibus

1281 1210 1389 1243 Anno
1437 1207 1566 1243 Christi
1610 1211 1758 1246 DXCV.
1810 1211 2041 1248 sanffiiffimus

1282 1257 1447 1293 Pontifex
1486 1257 1714 1296 confirmavit
1750 1262 1943 1295 Mariniano
1970 1266 2044 1296 Ra-

1279 1309 1415 1344 vennati
1459 1310 1700 1356 Archiepiscopo
1750 1323 1954 1358 qaaecumque
2001 1311 2045 1347 ab

1280 1360 1467 1400 Caesaribus
1487 1359 1662 1403 accepiffet.
1691 1360 1836 1394 Easdem
1859 1360 1957 1396 hasce
1978 1362 2046 1398 Li-

1281 1418 1371 1443 teres
1415 1407 1528 1442 veluti
1571 1422 1726 1456 gemmas
1768 1412 1948 1458 amplexus
1987 1411 2045 1447 U-

1281 1456 1432 1507 ghellius
1470 1458 1507 1493 in
1535 1460 1693 1495 Tomum
1733 1472 1766 1496 2.
1804 1462 1929 1497 Italiae
1965 1461 2043 1498 suae

1282 1509 1392 1543 sacrae
1430 1508 1579 1545 intulit.
1619 1510 1706 1546 Usus
1735 1513 1767 1545 &
1806 1511 1851 1546 iis
1879 1512 2044 1559 Ciampi-

1281 1559 1359 1594 nius
1390 1560 1426 1594 in
1464 1561 1640 1609 Catalogo
1682 1561 1826 1596 Sarffiae
1864 1565 2043 1599 Romanae

1281 1609 1452 1645 Ecclesiae
1479 1610 1858 1648 Bibliothecariorum.
1887 1613 1950 1648 Sed
1973 1612 2043 1649 mi-

1282 1674 1358 1697 rum
1386 1660 1453 1704 est,
1481 1661 1563 1709 quei
1593 1663 1752 1702 Rubws,
1782 1664 1974 1709 praeclarus
2002 1677 2041 1699 ac

1284 1710 1472 1758 judiciosus
1500 1722 1613 1748 cetera
1650 1713 1763 1761 Script
1767 1727 1832 1756 or,
1870 1713 2043 1762 ejusmodi

1284 1762 1484 1798 Literarum
1522 1761 1728 1811 figmentum
1769 1764 1973 1812 neutiquam
2003 1778 2041 1801 a·

1284 1812 1579 1848 nimadverterit.
1623 1813 1863 1849 Marinianum
1907 1817 2044 1864 Grego-

1282 1863 1355 1899 rius
1382 1862 1534 1912 Magnus
1562 1865 1755 1907 Confratrem
1784 1867 1964 1911 filiumque
1990 1880 2045 1902 ca-

1284 1915 1433 1959 riffimum
1467 1915 1638 1962 appellat.
1676 1915 1845 1951 Alienum
1884 1916 1970 1952 istud
1997 1917 2045 1952 est

1285 1979 1303 2000 a
1344 1964 1593 2000 consuetudine
1634 1965 1750 2002 sanai
1793 1968 1956 2015 Gregorii
2003 1966 2043 2004 &

1285 2015 1456 2051 Ecclesiae
1486 2018 1683 2052 Romanae.
1721 2020 1914 2052 innocentem
1950 2020 2045 2050 Inno-

1285 2067 1418 2102 centium
1453 2070 1574 2113 Papam
1614 2065 1946 2113 pseudo-Gregorius
1983 2065 2043 2101 iste

1285 2118 1464 2153 nominat.
1496 2118 1547 2149 At
1574 2115 1664 2149 hisce
1691 2114 1816 2150 lusibus
1838 2114 1908 2150 suas
1930 2116 2044 2152 Char-

1285 2177 1336 2203 tas
1365 2165 1511 2200 minime
1539 2165 1711 2208 oxnabat,
1749 2164 1803 2201 seu
1832 2165 2043 2213 irficiebat,

1285 2214 1527 2266 gravissimus,
1565 2213 1601 2250 ἃ
1634 2228 1811 2260 nunquam
1850 2216 1930 2252 satis
1967 2219 2044 2254 lau-

1285 2265 1414 2302 dandus
1441 2290 1450 2305 ,
1494 2268 1671 2301 Romanae
1713 2266 1884 2303 Ecclesiae
1928 2268 2043 2305 Pastor

1286 2330 1386 2352 verus
1414 2316 1627 2363 Gregorius.
1655 2318 1842 2362 Civitates,
1877 2319 2043 2364 castella,

1289 2369 1387 2402 thlas
1426 2366 1597 2402 Ecclesiae
1638 2368 1834 2404 Ravennati
1872 2369 2043 2406 concessas

1288 2417 1487 2454 confirmari
1516 2417 1593 2452 illic
1623 2417 1761 2458 videas,
1789 2432 1895 2467 quum
1925 2429 2043 2456 tamen

1287 2470 1405 2508 nullae
1433 2477 1515 2506 tunc
1543 2468 1745 2511 Civitates,
1781 2471 1878 2508 nulla
1905 2469 2043 2508 fortasse

1862 2520 1994 2557 castei-
