2232 3089
255 140 279 175 6
294 147 309 175 t
524 130 896 174 DissERTATIO
929 130 1520 188 TfflGESIMAQARMs
1720 145 1771 179 62

197 191 340 240 pendite
361 189 399 227 ἀ
425 190 656 227 considerate:
681 198 755 226 tum
780 191 874 236 quod
900 191 965 227 bo·
996 193 1041 228 A*
1073 189 1107 226 se
1134 190 1168 224 in
1194 191 1272 225 corio
1296 189 1409 234 piscis.
1436 191 1483 225 Et
1514 191 1607 238 quod
1636 193 1831 230 mirandum

198 255 283 278 num
321 255 359 278 ac
398 255 513 278 verum
553 241 622 284 est,
662 241 962 292 amplef‘taminig

199 293 293 340 quod
337 306 479 342 pravum
527 305 565 328 ac
608 290 761 334 falsum,
803 292 963 341 rejicite.

203 343 422 391 Quandoque
449 343 541 377 enim
573 341 594 377 fi
625 356 692 379 non
723 343 963 392 adjungenda,

200 407 312 442 neque
340 394 491 441 neganda
520 393 564 429 est
591 392 734 430 Chattis
772 393 876 431 fides.
904 397 963 438 Ju-

202 444 330 479 dicium
357 444 556 492 suspendere
582 457 665 480 tunc
687 445 806 494 juvat.
833 447 961 483 Exem-

200 494 251 542 pli
290 494 422 531 caussfi.
464 494 484 529 si
523 509 590 543 qua
629 503 867 532 memorentur
902 503 962 532 aut

198 555 381 580 occurrant
423 545 627 594 Diplomata
667 546 864 592 (rariffime
900 561 960 583 au-

200 602 270 629 tem
300 598 509 644 occurrent)
540 597 665 645 scripta
702 599 803 632 literis
836 598 985 641 aureis„

197 652 280 680 tunc
318 646 529 681 continenda
568 647 737 682 sementia
770 647 835 682 est.
875 649 984 683 Non*

198 698 291 741 quod
320 710 384 744 ego
408 709 531 742 negare
559 696 686 739 sitifim,
712 697 798 744 quin
824 711 959 746 germa-

194 758 238 780 na
264 759 402 793 quoque
428 746 592 782 exstitisse
618 748 819 795 potuerint,
841 746 877 784 ἃ
903 748 957 785 su-

195 796 320 843 peresse
358 798 467 833 adhuc
498 797 623 844 possint
663 798 868 846 Diplomata
897 813 957 835 au-

193 897 504 945 Langobardorum
525 899 629 945 Regis
645 899 872 936 donationem
888 903 956 936 Ec-

195 945 314 983 clesiae
339 950 514 986 Romanae
537 949 661 986 faaarn
692 951 832 987 Paullus
852 954 954 988 War-

191 995 319 1034 nefridi
356 1002 458 1036 aureis
485 1012 645 1037 exaratam
680 1001 782 1036 literis
817 1003 954 1050 prodit.

189 1050 362 1085 Attamen
401 1051 446 1094 fi,
484 1065 571 1099 quae
606 1052 777 1101 ejusmodi
814 1054 954 1090 tabulae

191 1098 233 1133 ab
262 1100 418 1148 antiquis
444 1113 783 1142 commemorantur.
808 1113 867 1139 aut
894 1105 952 1140 ad-

192 846 260 881 reis
299 847 554 884 charaeteribus
592 858 755 885 exarata.
795 850 982 1072 Ariperti'

190 1148 258 1184 huc
286 1151 415 1187 exstare
451 1153 637 1192 dicuntur,
666 1154 766 1188 nobis
804 1153 950 1201 inspice·
976 1171 978 1196 ς
1024 1156 1027 1222 r

189 1213 245 1236 re,
275 1200 534 1248 diligenterque
564 1202 707 1246 scrutari
738 1203 886 1244 liceret,
916 1219 977 1244 a-,
1023 1227 1026 1249 ρ

1023 1252 1025 1267 ”
1053 1249 1177 1297 poffit.

191 1249 288 1295 liqua
317 1249 452 1286 fortaffe
482 1252 517 1286 in
547 1246 701 1288 insuetis'
721 1252 813 1288 hisce
842 1267 951 1290 mem-

190 1298 305 1333 branis
344 1300 552 1346 deprehendi
591 1303 745 1349 possent,
774 1316 861 1350 quae
896 1315 977 1340 ea-'

188 1361 264 1382 rum
292 1350 439 1395 pretium
463 1361 522 1386 aut
548 1353 768 1395 minuerent,
790 1364 849 1388 aut
874 1369 951 1390 om-
973 1375 976 1414 Ι

189 1398 274 1432 nino
302 1399 511 1446 dejicerent.
551 1402 603 1435 Ex
633 1399 687 1434 his
726 1413 833 1435 unum
872 1412 975 1441 tan-5

188 1452 371 1483 tummodo
413 1449 588 1499 objeRum
632 1449 679 1485 est
724 1449 812 1485 mihi
857 1451 973 1499 inter}

187 1507 244 1533 tot
272 1498 362 1538 alia,
387 1513 473 1546 quae
503 1499 598 1544 vidi,
626 1514 686 1547 pro
714 1499 839 1550 insigni
868 1504 948 1538 Mo·

186 1548 332 1584 nasterio
369 1549 526 1590 editum,
555 1551 737 1599 ipsumque
769 1565 944 1588 commen-
979 1547 1013 1581 D

185 1598 310 1634 ticium
340 1599 570 1648 deprehendi.
606 1605 658 1638 Jta
689 1615 792 1638 nemo
820 1604 947 1639 Erudi-

184 1657 301 1685 torum
330 1660 453 1699 neget,
485 1652 570 1700 quin
607 1653 698 1689 inter
727 1655 862 1689 tabulas
890 1655 945 1689 in-

183 1698 293 1736 fefflae
320 1702 470 1750 originis
507 1704 759 1740 amandandum
800 1704 839 1740 fit
870 1706 944 1742 Pri-

183 1751 355 1800 vilegium
386 1766 403 1788 a
434 1756 552 1790 Leone
590 1755 654 1791 111.
685 1757 775 1802 Papa
811 1757 843 1790 δε
874 1758 945 1792 Ca-

182 1802 261 1837 rolo
288 1805 422 1852 Magno
453 1806 630 1854 Augusto,
661 1806 853 1842 concessum
890 1819 945 1852 per

179 1854 331 1897 paginam
357 1869 476 1890 aeream
513 1867 694 1891 exauratam
730 1857 942 1893 Monasterio

181 1902 308 1938 Trium
349 1906 517 1942 Fontium
556 1908 596 1942 ad
635 1909 756 1955 Aquas
787 1907 941 1948 Salvias,

180 1954 274 2000 quod
316 1955 499 2004 Ughellius
542 1958 651 1993 veluti
694 1971 867 2007 gemmam
907 1973 938 1994 e-

181 2004 344 2051 vulgavit
381 2008 500 2042 Tomo
538 2009 564 2042 1.
595 2009 717 2044 Italiae
753 2012 872 2045 Sacrae
903 2009 940 2044 in
965 2001 1018 2034 'E'

180 2054 341 2102 Episcop.
366 2057 594 2094 Ostiensibus.
626 2061 749 2107 Neque
774 2059 939 2095 haffienus
964 2038 967 2128 1

178 2118 243 2152 ego
280 2106 445 2142 addu8ms
489 2108 560 2143 sum
604 2109 644 2144 ad
684 2109 967 2165 adjungendam,

181 2155 285 2192 fidem
326 2158 542 2203 Puriceliio,
581 2159 659 2195 viro
696 2160 855 2208 alioquin
897 2160 966 2202 ἀεὶ

179 2205 292 2242 literis
321 2207 404 2244 bene
434 2210 583 2254 merito,
611 2211 642 2245 8<
674 2223 817 2259 magnae
849 2210 937 2259 apud

182 2267 236 2291 me
272 2258 564 2303 existimationis,
592 2274 697 2308 quum
738 2262 773 2297 in
807 2264 937 2297 Monu-

182 2315 288 2342 ment.
317 2309 482 2345 Basilicae
509 2311 728 2346 Ambrosian.
754 2325 828 2360 pag.
855 2315 937 2348 282.

183 2366 455 2396 commemorans
494 2360 660 2407 Diploma
702 2363 865 2410 Hugonis
903 2364 936 2397 &

179 2403 346 2441 Lorharii
384 2411 504 2447 Italiae
542 2414 699 2461 Regum,
738 2413 810 2457 ait,
838 2413 937 2449 illius

177 2455 377 2504 archetypum
396 2462 496 2496 aureis
515 2463 617 2499 literis
638 2463 837 2511 conscriptum
853 2463 937 2500 fuis-

1072 240 1162 276 mihi
1192 240 1305 276 visum
1333 239 1422 279 fuit,
1448 239 1537 277 infra
1564 241 1681 278 addit:
1710 244 1833 278 Arche-

1070 301 1179 338 typum
1207 292 1292 325 illud
1317 292 1504 327 contulimus·
1530 305 1597 326 cum
1624 293 1701 328 allis
1728 296 1834 337 Impe-

1068 352 1206 377 ratorum
1245 345 1428 390 Regumque
1468 342 1706 387 Diplomatibus
1745 347 1833 391 apud

1069 406 1123 427 nos
1148 392 1356 437 authenticis,
1385 393 1428 427 (9⁶
1453 392 1604 428 habimus
1631 395 1664 428 in
1695 395 1832 429 medium

1064 443 1248 487 produfflis,
1275 456 1370 490 eaque
1394 444 1517 488 pariter
1551 445 1624 490 visa
1650 447 1735 480 nobis
1759 446 1830 488 fue-

1066 504 1140 528 runt
1176 494 1208 528 in
1245 495 1323 529 corio
1356 495 1470 541 piscis,
1504 493 1551 533 &⁶
1587 496 1689 530 aureis
1725 496 1828 531 literis

1065 545 1233 590 conscripta
1243 559 1263 588 ‚⁴
1286 545 1415 591 perinde
1440 559 1476 580 ac
1497 546 1529 587 fi
1553 546 1611 581 hac
1641 547 1710 592 ipsd
1734 557 1828 594 prae-

1064 596 1213 639 rogative?
1249 596 1394 638 conscribi
1420 610 1456 630 ea
1491 596 1564 631 olim
1599 597 1723 631 honoris
1747 611 1827 644 gra-

1063 644 1112 678 tid
1138 644 1285 687 solerent.
1324 646 1461 681 Acceffi
1496 647 1529 681 δε
1559 659 1624 693 ego
1660 647 1700 682 ad
1729 647 1826 682 invi-

1063 694 1202 731 sendum
1252 695 1452 732 Archivum
1495 696 1652 744 profeEio
1693 696 1825 746 insigne

1061 744 1269 782 Monasterii
1298 746 1546 796 Ambrofiani;
1576 756 1611 782 at
1648 746 1740 783 nihil
1769 748 1824 784 su-

1061 796 1249 843 pelleE‘cilis
1277 806 1348 832 tam
1378 810 1472 832 rarae
1499 798 1610 832 oculis
1640 798 1726 833 meis
1754 798 1822 834 sese

1059 846 1213 885 obtulit,
1238 848 1340 894 quale
1368 857 1460 882 certe
1488 847 1601 883 fuisset
1630 847 1820 896 multiplex

1058 896 1171 932 corium
1204 898 1318 944 piscis,
1345 898 1379 932 <Sc
1407 898 1549 944 quidem
1585 898 1688 932 aureis
1717 899 1821 933 literis

1057 945 1248 996 scriptum,
1277 957 1382 995 atque
1418 949 1456 984 in
1493 948 1558 983 illo
1590 961 1660 984 uno
1696 950 1820 986 Tabu-

1056 997 1146 1034 lario
1182 999 1420 1035 adservatum.
1455 998 1753 1034 Considerandum
1781 1012 1819 1036 e-

1026 1079 1027 1086 ,
1055 1047 1142 1084 tiam
1170 1049 1239 1086 erit
1276 1049 1470 1085 cultoribus
1508 1048 1682 1085 Historiae
1714 1058 1819 1086 natu-

1054 1099 1158 1145 ralis,
1187 1114 1229 1136 an
1268 1100 1418 1149 piscibus
1455 1099 1496 1135 fit
1524 1099 1682 1143 corium,
1710 1110 1817 1148 atque

1053 1150 1126 1197 ejus
1153 1160 1317 1190 naturae,
1346 1161 1385 1185 ut
1411 1150 1448 1185 in
1477 1152 1696 1186 membranae
1725 1149 1815 1198 figu-

1054 1213 1149 1243 ram,
1187 1200 1463 1246 consistentiam,
1494 1202 1528 1236 δ(
1565 1201 1662 1237 usum
1700 1201 1814 1251 redigi

1107 1301 1292 1350 Praecipue
1319 1305 1403 1338 vero
1439 1303 1483 1337 est
1515 1303 1616 1338 nobis
1654 1301 1814 1349 suspenso

1052 1350 1136 1397 pede
1187 1352 1439 1399 procedendum
1460 1380 1470 1396 ,
1518 1353 1577 1388 ubi
1625 1351 1812 1400 magnifica

1051 1401 1218 1444 quaedam
1248 1402 1449 1437 remotioris
1483 1402 1709 1449 antiquitatis
1739 1403 1812 1448 pri—

1051 1448 1185 1483 mordia
1213 1462 1252 1483 ac
1283 1450 1495 1498 Privilegia,
1523 1451 1561 1486 δὲ
1593 1452 1814 1487 Donationes

1049 1495 1280 1533 Castellorum
1318 1501 1350 1534 8<
1382 1499 1559 1540 Urbium,
1589 1501 1624 1536 in
1663 1500 1811 1538 Chattis

1049 1548 1196 1596 alicujus
1223 1549 1415 1589 Ecclesiae,
1437 1552 1636 1595 coenobii,
1657 1562 1717 1587 aut
1744 1555 1811 1587 Fa-

1048 1598 1168 1634 miliae
1197 1600 1449 1648 comperimus.
1481 1604 1573 1637 Nam
1602 1601 1701 1641 sunt,
1729 1602 1811 1649 qui-

1047 1650 1108 1684 bus
1137 1650 1270 1686 humile
1300 1651 1413 1699 primo
1450 1651 1595 1686 initium
1627 1652 1805 1702 contigit;

1047 1700 1226 1748 progreffis
1243 1712 1359 1737 autem
1382 1701 1499 1738 sensim
1514 1726 1522 1741 ,
1538 1703 1571 1737 8<
1593 1704 1700 1750 longo
1717 1712 1808 1738 tem-

1047 1751 1140 1798 poris
1178 1751 1291 1787 traRu
1328 1752 1369 1787 ad
1407 1752 1591 1787 sublimem
1629 1752 1807 1788 fortunam

1046 1801 1170 1844 elatis,
1200 1801 1236 1837 in
1275 1811 1428 1838 mentem
1467 1802 1596 1837 cecidit
1633 1802 1808 1851 cupiditas

1046 1852 1234 1888 nobilioris
1262 1852 1430 1901 originis.
1470 1855 1593 1899 Neque
1629 1852 1809 1889 interdum

1047 1902 1193 1946 desunt,
1221 1904 1282 1951 qui
1320 1903 1388 1939 suis
1424 1905 1541 1942 votis,
1573 1903 1711 1950 quando
1749 1917 1810 1951 per

1049 1966 1127 1989 vera
1155 1963 1354 2001 nequeunt,
1384 1967 1442 2001 per
1470 1953 1551 1989 fiffia
1589 1955 1808 1990 succurrant.

1048 2005 1087 2039 In
1116 2004 1299 2053 spicilegii
1327 2007 1441 2053 Opere
1469 2004 1601 2040 summe
1629 2017 1810 2040 commen-

1047 2054 1160 2089 dando
1190 2068 1264 2104 pag.
1294 2067 1377 2103 319.
1405 2057 1512 2091 Tom.
1542 2068 1574 2102 3.
1604 2054 1810 2091 noviffimae

1048 2104 1216 2140 editionis
1246 2106 1396 2153 protulit
1434 2106 1625 2140 Dacherius
1659 2105 1811 2140 Privile-

1048 2155 1142 2204 gium
1167 2169 1184 2190 a
1209 2156 1359 2204 Pippino
1382 2158 1593 2191 Francorum
1613 2158 1704 2204 Rege
1726 2168 1810 2190 con-

1049 2205 1174 2242 cess'um
1212 2205 1427 2242 Monasterio
1465 2205 1679 2254 Figiacensi,
1716 2205 1809 2252 quod

1049 2257 1082 2291 in
1117 2268 1198 2303 pago
1234 2257 1402 2291 caturcino
1438 2266 1538 2292 antea
1576 2256 1809 2292 construS'tum

1048 2307 1200 2346 dicitur,
1228 2307 1287 2342 ubi
1315 2308 1458 2349 Castrum
1486 2308 1669 2341 strimolum
1695 2306 1806 2341 eidem

1048 2357 1233 2394 coenobio
1258 2358 1301 2392 ad
1325 2358 1549 2392 munimentum
1575 2357 1620 2395 θ’
1647 2356 1809 2390 tuitionem

1047 2409 1090 2445 ab
1132 2408 1399 2444 antecessoribus
1445 2408 1597 2457 Regibus
1637 2406 1808 2440 donatum

1048 2459 1257 2504 confirmat,
1284 2457 1479 2507 multasque
1517 2457 1631 2492 Villas
1667 2455 1717 2540 &l
1739 2456 1809 2491 Ec-

1684 2517 1701 2540 c
1720 2517 1757 2540 e-
