2232 3089
447 231 531 285 581
795 220 1218 269 HISTORIAE
1255 220 1627 266 ROMANAE
1877 231 1958 284 382

387 287 522 330 ‘flou-xe,
551 287 586 322 lo
614 287 716 334 quale
753 284 784 320 se
813 285 889 320 dice
918 284 1034 319 Salato
1053 308 1060 316 .
1100 282 1152 317 De
1185 283 1220 318 A

393 340 426 374 lh
455 340 495 373 da
534 339 569 373 lo
607 339 724 373 Salato
761 337 830 371 stao
866 332 1152 376 cornacervina,

392 389 484 425 dove
530 389 600 424 stao
644 387 827 423 travacche
867 398 886 419 e
928 382 1152 431 paviglioni,

393 439 613 481 Alfaniche‚
650 452 667 472 e
703 434 940 477 Consanum,
977 433 1072 468 iente
1103 432 1148 467 as—

394 490 442 526 sa!
459 519 468 532 ,
496 503 598 525 como
618 487 714 523 (11610
734 498 818 528 ene,
846 497 911 520 con
935 484 1039 519 moiti
1063 493 1145 518 tam-

395 542 499 577 buri.
529 543 580 576 Da
609 540 644 573 lo
671 540 744 572 lato
772 537 859 570 ritto
886 536 928 570 de
965 535 1001 569 1ο
1037 533 1152 569 huoste

355 623 357 625 .
394 592 555 627 ssaevano
591 591 623 624 le
660 597 849 634 montagne
890 585 931 620 de
970 584 1080 620 Ilerda
1121 586 1153 619 13

394 642 513 690 veglia
554 642 663 676 Terra
689 665 696 673 .
742 639 796 672 Da
837 638 872 672 lo
914 637 988 671 lato
1029 648 1153 670 manco

394 691 556 727 fiaevano
583 691 614 725 le
644 689 786 735 pianure
814 686 986 734 spatiose.
1024 688 1152 721 Dereto

394 742 425 777 li
453 742 562 776 staeva
591 753 656 774 una
685 738 801 774 stretta
829 739 955 776 Valle,
991 737 1023 772 13
1053 738 1153 779 quale
1196 735 1224 770 B

396 790 555 827 haveano
584 791 710 836 paffata
739 802 780 838 pe
807 788 901 824 forza
922 788 964 823 de
992 797 1154 830 moneta,

396 855 501 878 como
542 842 640 876 detto
677 853 764 876 ene.
809 842 860 875 De
901 838 998 887 sopra
1039 838 1081 874 da
1123 839 1156 873 la

397 894 503 928 Valle
530 892 689 928 staevano
718 893 749 926 le
773 900 984 937 montagne,
1012 890 1044 924 le
1072 902 1154 936 qua·
1178 890 1210 935 Γ

397 944 425 979 li
455 953 579 979 teneva
609 945 688 978 Don
719 941 818 976 Ianni
848 940 1048 975 Manuelle.
1089 941 1156 973 De-

399 994 500 1030 nanti
529 993 685 1028 haveano
715 994 750 1026 1ο
777 991 884 1027 fiume
904 1004 922 1025 e
948 989 975 1024 li
1005 989 1157 1024 nemici.

398 1046 458 1081 Lo
486 1043 613 1091 paffaio
640 1043 681 1078 de
716 1043 754 1077 10
787 1040 893 1077 fiume
921 1049 1157 1077 curatamente

398 1094 432 1130 se
458 1094 657 1144 guardam.

448 1554 505 1591 Lo
535 1553 586 1587 Re
613 1547 772 1585 Al-fonzo
797 1555 904 1582 tenne
939 1544 1054 1593 quefl'a
1082 1543 1160 1580 via.

397 1604 440 1642 In
468 1603 700 1654 primamente
721 1610 870 1633 mannao
897 1597 923 1631 li
953 1594 1161 1630 setteciento

398 1654 566 1700 cavalieri
609 1651 729 1697 Papali
767 1646 932 1684 Crociati
972 1659 991 1680 a
1034 1643 1160 1693 paffare
1198 1647 1232 1681 D

399 1708 436 1742 lo
478 1706 608 1742 fiume.
644 1699 838 1738 Treciento
875 1695 1087 1745 rompeffino
1123 1696 1160 1731 lo

399 1758 514 1806 palso,
551 1769 570 1790 e
599 1748 881 1789 commatteffino
918 1760 983 1783 con
1020 1748 1054 1782 le
1082 1759 1158 1782 var-

398 1808 486 1843 die.
529 1805 707 1840 Doicento
745 1801 778 1836 se
821 1798 998 1849 poneffino
1039 1797 1082 1832 da
1123 1798 1160 1833 1ο

400 1858 475 1891 lato
502 1856 543 1890 de
570 1857 603 1889 13
631 1860 790 1888 currente
825 1848 1032 1896 dell’acqua
1060 1861 1078 1883 3
1106 1847 1158 1883 so-

400 1906 527 1942 stenere
554 1905 587 1939 13
615 1902 708 1938 forza
736 1900 777 1936 de
804 1901 841 1936 10
868 1899 997 1943 fiume,
1036 1898 1098 1934 che
1126 1899 1159 1934 la

400 1954 608 2006 pedonaglia
637 1952 764 2000 potefl‘e
801 1950 952 1999 paffare.
988 1948 1036 1985 Li
1075 1948 1158 1986 aitri

399 2006 582 2042 doiciento
618 2001 846 2040 remaneffino
874 2015 891 2036 a
919 2000 1085 2051 guar-dare
1122 2000 1158 2036 10

399 2056 518 2106 paffo.
546 2055 654 2091 Aitro
681 2066 750 2089 non
780 2051 962 2088 faceffino.
991 2053 1074 2087 Non
1102 2063 1158 2087 era

399 2107 540 2154 p1ccolo
570 2105 724 2153 pericolo
753 2104 878 2152 paffare
905 2104 942 2138 lo
970 2101 1103 2145 fiume,
1139 2115 1158 2137 e
1200 2101 1230 2135 E

398 2158 436 2193 10
463 2157 575 2206 guado
611 2167 788 2202 rompere.
827 2153 932 2189 Tutti
970 2152 1071 2188 fuoro
1099 2152 1156 2187 de-

399 2206 507 2243 strieri
545 2206 671 2241 electi.
709 2207 741 2240 A
781 2204 895 2252 queffa
932 2203 1028 2239 iente
1065 2203 1157 2238 aitro

399 2258 611 2294 confallone
637 2256 720 2291 dato
748 2268 816 2290 non
853 2254 887 2290 fu
906 2282 917 2298 ,
953 2254 986 2289 se
1022 2267 1092 2289 non
1121 2254 1158 2288 10

399 2307 612 2343 (onfallone
648 2320 712 2342 con
751 2307 788 2342 Io
825 2318 949 2350 campo
987 2306 1113 2340 bianco
1140 2317 1158 2339 e

401 2359 433 2394 la
460 2357 576 2394 Croce
605 2358 809 2405 vermiglia.
850 2358 894 2390 811
922 2359 955 2390 la
982 2358 1094 2390 Croce
1122 2368 1158 2389 e-

400 2421 437 2445 ra
474 2409 510 2443 lo
536 2407 748 2443 Crocefiffo.
790 2405 848 2442 Po'
887 2405 915 2439 li
952 2405 1157 2440 setteciento

401 2458 564 2494 cromati
593 2457 749 2503 sequitao
776 2457 843 2492 esso
875 2458 923 2490 Re
952 2455 1110 2490 Alfonzo
1138 2467 1158 2489 a

403 2509 554 2544 cavallo*
579 2508 614 2543 in
657 2520 727 2542 uno
764 2507 926 2548 cavallo,
967 2507 1157 2543 Ferrame,

403 2559 537 2595 liardo.
565 2557 701 2603 Dicefi,
728 2557 792 2594 che
819 2554 896 2592 fuffi
933 2556 970 2591 lo
997 2555 1058 2604 pih
1085 2555 1159 2590 bel-

1057 2606 1096 2642 lo

1265 281 1349 315 ribus
1375 283 1514 324 direHa,
1541 298 1576 318 ex
1603 278 1785 331 Hispalensi
1812 285 1959 323 Civitate
1985 285 2020 321 in

1264 333 1344 366 hunc
1380 337 1501 369 modum
1535 335 1662 378 fortiter
1701 336 1830 372 eduxit.
1869 338 2023 386 Triginta

1265 384 1371 417 millia
1397 382 1442 421 &⁸
1470 398 1529 420 non
1557 386 1693 430 amplius
1719 386 1882 433 equitum,
1909 389 2022 434 optime

1265 433 1477 479 munitorum,
1503 437 1669 484 Alpbonso
1700 436 1853 480 fuerunt.
1889 440 2024 472 Centum

1265 485 1371 519 mmm
1394 486 1534 532 peditum
1555 489 1589 521 in
1611 487 1706 522 aciem
1732 489 1845 523 duxit.
1871 481 2025 533 Alphen-

1259 534 1291 576 fi
1325 536 1487 570 exereitum
1513 536 1559 575 εἴφ’
1586 541 1808 573 Saracenorum
1844 539 2025 584 immensam

1266 585 1500 620 multitudinem
1536 587 1723 632 interjacens
1757 589 1902 635 flumen,
1943 589 2026 636 quod

1265 637 1412 671 solatum
1437 637 1576 680 dicitur,
1597 638 1804 685 sejungebat.
1844 641 1936 675 Ultra
1961 643 2026 674 Sa-

1266 688 1367 721 latum
1400 685 1484 731 jacet
1510 690 1620 732 Rupes
1653 689 1752 722 Cervi
1767 712 1778 728 ‚
1813 690 1902 734 cujus
1935 702 2026 737 agros

1267 738 1440 780 Saraceni,
1479 747 1515 770 ut
1539 737 1702 778 diximus,
1738 740 1903 783 tentoriis,
1939 753 2028 774 cono-

1265 787 1332 833 peis
1349 813 1360 829 ‚
1385 787 1600 833 papilionibus
1616 815 1627 831 ‚
1653 788 1819 832 Alfanicis
1835 816 1845 833 ‚
1872 789 2027 834 vexillis,

1269 836 1494 871 innumerabili
1518 839 1654 884 populo,
1681 838 1728 875 εἴν
1752 840 1918 883 permultis
1944 850 2028 887 tym-

1265 887 1361 934 panis
1389 887 1616 933 impleverant.
1643 892 1688 923 A
1704 890 1828 923 dextero
1848 891 1946 924 latere
1965 893 2029 925 Sa·

1269 937 1399 973 racenici
1425 938 1573 972 exercitus
1595 949 1711 973 montes
1737 941 1858 975 Ilerdae
1878 940 2028 986 antiquae

1268 988 1428 1023 Civitatis
1455 990 1656 1024 eminebant.
1683 993 1746 1024 Ad
1779 992 1907 1025 laevum
1942 992 2028 1025 latus

1268 1038 1420 1082 planities
1445 1039 1554 1083 ampla
1581 1039 1624 1070 ὅ)
1646 1038 1785 1083 spatiosa
1809 1039 1962 1084 patebat.
1991 1043 2036 1076 A

1269 1098 1355 1132 tergo
1381 1087 1514 1132 angusta
1543 1087 1646 1120 Vallis
1670 1089 1908 1134 porrigebatur,
1936 1102 2029 1136 quam

1271 1137 1412 1182 impensd
1439 1136 1534 1169 multi
1559 1137 1656 1180 auri,
1684 1148 1720 1171 ut
1745 1139 1886 1185 superius
1918 1153 2030 1175 narra-

1237 1210 1239 1220 ,
1268 1187 1399 1230 vimus,
1420 1185 1514 1227 hostes
1534 1187 1784 1232 superaverant.
1813 1190 1902 1224 Valli
1925 1190 2031 1225 immi-

1270 1240 1386 1272 nebant
1422 1248 1538 1272 montes
1563 1237 1609 1276 ρ’)
1637 1238 1747 1278 colles‚
1784 1241 1896 1287 quibus
1932 1241 2029 1288 impe-

1271 1288 1365 1322 rabat
1392 1290 1533 1322 Domnus
1559 1290 1721 1333 johannes
1751 1292 1963 1326 Emmanuel.
1991 1294 2036 1326 A

1267 1338 1370 1382 fronte
1396 1338 1441 1376 &⁵
1470 1339 1504 1374 in
1530 1339 1686 1386 conspefiu
1704 1340 1829 1386 flumen
1856 1343 2030 1384 salutum,

1271 1390 1315 1423 (9·
1342 1389 1556 1435 Hispanorum
1582 1394 1712 1424 cohortes
1740 1391 1783 1429 ὅ)
1812 1392 1942 1438 agmina
1964 1390 2032 1432 filn'

1270 1439 1424 1481 antestare
1463 1442 1614 1475 Saraceni
1651 1442 1824 1477 videbant.
1867 1441 2032 1476 Fluminis

1272 1490 1426 1538 trajec‘l'us
1451 1501 1592 1525 accurate
1619 1491 1852 1533 custodiebam.

1324 1543 1432 1587 Itaque
1453 1545 1525 1575 Rex
1544 1541 1728 1588 Alphonsus
1754 1542 1807 1576 ho:
1831 1542 1939 1576 ordine
1957 1555 2031 1589 pro-

1269 1589 1387 1638 gressus
1414 1591 1478 1634 esl.
1506 1594 1543 1626 In
1569 1593 1680 1636 primis
1708 1593 1915 1639 septingentos
1945 1597 2032 1628 Pon·

1273 1642 1386 1686 tificios
1413 1643 1528 1687 equites
1554 1645 1650 1675 Cruce
1669 1641 1811 1688 signatos
1846 1644 2031 1689 praemisit,

1273 1702 1309 1726 ut
1327 1692 1450 1737 flumen
1478 1693 1636 1726 vadarem
1652 1718 1661 1727 .
1688 1693 1832 1727 Trecenti
1860 1696 2031 1728 eorumdem

1266 1742 1417 1789 fluminis
1445 1742 1610 1784 transitum
1633 1754 1854 1790 perrumpere,
1891 1744 1937 1782 (if
1964 1757 2032 1779 cum

1273 1797 1496 1828 saracenorum
1544 1793 1717 1834 custodibus
1761 1795 1909 1829 dimicare
1955 1794 2031 1840 jzffi

1268 1844 1365 1889 Junt.
1395 1843 1544 1879 Ducentis
1571 1845 1647 1878 aliis
1674 1846 1857 1879 mandatum
1893 1845 1959 1889 ess,
1997 1855 2033 1880 ut

1270 1894 1304 1940 se
1329 1895 1508 1929 collocarent
1542 1897 1586 1928 ad
1621 1895 1706 1929 latus
1724 1921 1734 1937 ,
1770 1896 1826 1930 ubi
1860 1909 1944 1942 aqua
1978 1897 2033 1930 de-

1274 1946 1395 1985 currit,
1423 1955 1459 1979 ut
1477 1944 1628 1990 fluminis
1664 1945 1812 1989 impetum
1846 1946 2032 1989 sustinerent

1274 1996 1422 2039 tamdiu,
1449 1997 1542 2029 donec
1571 1996 1732 2039 peditatus
1765 1995 1859 2043 poffet
1892 2007 2032 2043 praeter-

1270 2047 1389 2094 gredi.
1419 2049 1574 2081 Ducentos
1610 2057 1714 2082 autem
1749 2046 1902 2090 consistere
1928 2047 2031 2081 voluit

1274 2097 1459 2143 -Alphonsus
1485 2099 1528 2131 ad
1560 2096 1665 2144 paffus
1702 2098 1867 2140 custodiam
1884 2125 1894 2140 ‚
1922 2098 1968 2130 nit
1993 2109 2031 2129 a·

1274 2148 1346 2182 liud
1372 2159 1570 2194 operaturos.
1606 2150 1741 2183 Flumen
1777 2148 1877 2191 ipsum
1903 2145 2031 2189 trajice-

1274 2212 1331 2238 re,
1358 2201 1536 2245 vadumque
1561 2198 1768 2244 disrumpere,
1794 2209 1898 2242 grave
1921 2200 2031 2230 admo-

1274 2253 1349 2284 dum
1375 2249 1538 2294 discrimen
1564 2259 1654 2283 erat.
1691 2246 1774 2281 Huic
1799 2247 1883 2292 operi
1906 2257 2030 2290 perten-

1274 2301 1372 2335 tando
1397 2298 1507 2333 decios
1532 2299 1650 2344 equites
1674 2297 1866 2339 destinavit.
1895 2298 1936 2331 lis
1957 2297 2032 2330 nul-

1273 2350 1340 2383 lum
1357 2349 1450 2384 aliud
1470 2348 1627 2383 Vexillum
1646 2347 1800 2382 traditum
1820 2347 1911 2391 suit,
1938 2360 2032 2394 quam

1273 2412 1395 2441 unum,
1431 2398 1465 2431 in
1492 2396 1579 2442 cujus
1605 2411 1679 2432 area
1713 2397 1820 2432 coloris
1854 2398 1922 2433 albi
1953 2409 2033 2444 pur-

1271 2460 1366 2495 purea
1392 2450 1479 2482 Crux
1504 2447 1627 2494 depifita
1655 2448 1859 2492 cernebatur,
1897 2449 1948 2483 cui
1980 2449 2032 2492 af-

1266 2497 1339 2544 fixa
1382 2508 1450 2533 erat
1493 2498 1614 2540 Christi
1664 2498 1842 2534 Servatoris
1892 2499 1996 2546 imago
2023 2523 2033 2534 .

1271 2552 1459 2586 Praeeuntes
1500 2549 1716 2596 septingentos
1756 2552 1853 2585 Cruce
1890 2549 2033 2594 signatu

1869 2599 1979 2644 subse-
