2232 3089
479 161 528 202 51

829 146 1204 207 ANTJQLMT.
1235 147 1446 193 MEDII
1474 148 1638 192 'AEVI

1933 169 1983 211 52

416 217 490 239 vero
517 203 627 251 Regni
652 204 843 251 Seremffimi
867 208 970 254 Regis
998 209 1114 243 Karoli
1144 208 1178 243 in
1208 212 1262 247 'A‘
1290 210 1380 244 veris
1417 209 1596 268 amplexi;
1625 216 1728 258 atque
1764 209 1845 247 inde
1881 213 2047 262 consequi

419 254 560 291 Francia
586 257 731 301 Quarto,
770 258 803 291 in
841 258 939 293 Italia
974 259 1107 298 Primo,
1144 259 1178 293 in

419 305 484 341 Dei
520 306 640 339 nomine
676 306 833 350 feliciter.
870 311 999 343 Amen.
1039 309 1177 354 Inquiri·

419 369 476 390 nus
505 357 657 391 Notarius
682 359 726 392 ad
751 358 849 392 vicem
878 359 1030 393 Liutardi
1057 361 1176 394 Avehi-

416 406 596 442 eancellarii
633 407 766 453 piiffimi
806 408 886 456 regis
922 421 1098 457 recognovtt
1133 411 1177 445 (9‘

409 456 559 504 signavit
573 483 582 493 .

672 565 719 612 R

410 608 548 656 Signum
591 611 798 723 W
851 611 971 648 Domm'

409 761 529 795 Karoli
672 725 739 780 L
833 763 1023 811 Serentffi‘mt'
1049 763 1150 812 Regis
1160 791 1169 800 .

462 864 600 902 Nemo,
628 871 668 900 ut
695 873 803 913 puto,
831 873 915 901 tunc
951 865 990 901 in
1024 865 1168 902 dubium

410 913 593 949 revocavit
627 914 803 964 originem
847 916 1064 963 Diplomatis
1106 916 1170 952 hu—

410 965 482 1010 jus,
510 965 544 999 &
574 965 755 1014 praecipue
783 967 874 1015 quod
904 967 987 1003 haec
1015 967 1170 1003 desumta

407 1013 473 1048 sint
508 1027 552 1050 ex
581 1017 797 1066 autographo
835 1018 978 1065 aliquo,
1006 1027 1066 1053 aut
1103 1017 1169 1052 sal-

409 1073 480 1099 tem
508 1078 552 1101 ex
581 1065 710 1103 fincero
737 1067 904 1116 quopiam
942 1069 1106 1115 exemplo
1133 1082 1168 1103 e—

405 1114 538 1162 jusdem
583 1116 711 1166 Regis,
750 1118 879 1154 additis
921 1119 1169 1155 tantummodo

406 1163 537 1201 finibus
574 1179 637 1215 pro
670 1169 852 1204 voluntate
883 1169 1169 1217 InterpolatoriS.

405 1216 460 1250 At
488 1215 572 1251 haec
599 1217 672 1264 ipsa
700 1219 934 1266 Interpolatio
962 1233 1053 1256 nunc
1083 1219 1168 1256 faci-

404 1266 438 1300 le
476 1265 673 1303 innotescat
711 1270 1032 1314 animadvertenti,
1071 1284 1169 1305 men—

402 1315 538 1350 tionem
567 1317 605 1351 in
635 1317 842 1365 Diplomate
870 1319 996 1355 fastam
1026 1321 1167 1364 Crucife-

404 1379 506 1400 rorum
529 1367 657 1412 Templi
680 1368 796 1403 SaenHi
811 1370 997 1414 salmonis,
1018 1384 1166 1417 quorum

401 1429 531 1451 nomen
560 1426 665 1464 atque
691 1418 890 1454 institutum
919 1421 1167 1454 tantummodo

402 1466 475 1514 post
504 1468 649 1502 Annum
686 1468 754 1503 Ch.
788 1480 894 1504 1100.
923 1468 1068 1504 initium
1106 1469 1166 1504 ha-

402 1517 502 1557 buit,
532 1530 644 1565 ncque
674 1518 840 1562 componi
870 1532 1022 1565 unquam
1059 1519 1168 1567 potest

401 1580 482 1603 curn
504 1569 612 1603 Anno
640 1570 723 1604 880.
753 1570 882 1604 Nullus
907 1569 1053 1610 dubito,
1080 1570 1165 1618 quin

402 1619 600 1664 complures
637 1618 808 1665 ejusmodi
836 1619 971 1655 fraudes
1008 1629 1166 1656 veterum

403 1668 657 1703 nonnullorum
687 1668 825 1704 malitia
856 1670 1050 1718 pepererit,
1077 1671 1167 1706 alio-

401 1731 479 1754 rum
519 1732 601 1754 vero
641 1717 841 1766 ignorantia
881 1722 982 1756 nullo
1023 1722 1168 1770 negotio

402 1768 518 1805 veluti
546 1779 775 1805 monumenta
805 1769 888 1806 fidei
925 1781 1038 1808 certae
1066 1786 1168 1809 exce-

402 1819 520 1868 perit.

403 1884 419 1907 ’ἓ
457 1872 594 1907 Interea
610 1870 902 1908 animadverterit
916 1873 1065 1917 Lmstor,
1082 1874 1167 1916 quid

404 1922 580 1958 momenti
626 1935 692 1958 una
739 1922 821 1958 falsa
867 1937 905 1959 ac
952 1924 1167 1973 putidiffima

404 1971 607 2006 membrana
634 1973 723 2007 olim
755 1973 934 2009 habuerit.
971 1977 1075 2010 Aevo
1104 1989 1167 2011 no-

402 2021 492 2062 stro,
521 2034 591 2068 quo
628 2021 798 2069 ejusmodi
836 2024 988 2059 ludibria
1020 2025 1165 2071 deflere,

398 2071 437 2108 ἃ
465 2072 632 2113 falsarii,
653 2071 675 2106 fi
703 2073 841 2119 quando
867 2084 1070 2122 emergunt,
1095 2076 1166 2123 pri-

397 2133 561 2158 vatorum
605 2123 856 2159 tantummodo
899 2124 980 2160 lites
1022 2136 1164 2162 contur—

399 2174 505 2217 bant,
535 2183 593 2209 aut
622 2173 779 2221 aliquam
817 2175 1006 2210 Nobilium
1045 2177 1163 2213 Fami-

399 2223 484 2260 liam
515 2224 596 2260 dum
625 2225 819 2260 ornandam
848 2224 1061 2273 suscipiunt,
1087 2241 1163 2276 gra-

399 2274 537 2311 viffime
564 2275 774 2322 deturpant:
805 2288 867 2311 nos
904 2276 1057 2312 ridemus
1087 2279 1163 2314 ine-

401 2335 476 2375 ptas
505 2325 543 2363 ἃ
571 2325 700 2375 spurias
740 2334 896 2362 veterum
924 2327 1095 2371 Chartas,
1123 2342 1162 2364 ac

402 2375 624 2424 suppofiticia
664 2378 798 2426 Regum
836 2377 1062 2417 Dinlomata.
1098 2378 1161 2413 Sed

401 2428 480 2463 aliis
509 2427 620 2463 oculis
651 2427 734 2463 haec
764 2427 836 2476 ipsa
872 2428 1027 2476 Majores
1057 2427 1161 2464 nostri

400 2477 646 2524 intuebantur,
662 2477 729 2515 fine
751 2477 978 2517 haefitatione
997 2477 1081 2516 falsa
1098 2492 1161 2529 pro

1260 273 1263 285 ἰ
1289 259 1496 296 consuevere
1519 260 1677 308 ingentia
1699 262 1883 297 commoda
1902 262 1970 299 five
1991 264 2048 301 in—

1259 290 1264 365 ἓ
1289 311 1496 353 commoda,
1524 321 1627 358 prout
1654 311 1695 346 ad
1733 311 1904 361 ejusmodi
1933 315 2048 351 Char-

1288 368 1339 396 tas
1363 361 1551 396 -accedebat
1581 361 1739 409 potentia
1777 362 1980 404 utentium,
2007 378 2047 401 ac

1286 411 1499 457 impotentia
1525 411 1821 449 adversariorum.
1842 411 1952 450 Certe
1976 426 2048 451 non

1286 459 1452 497 incass‘um
1491 472 1690 498 commenta
1729 463 1793 499 illa
1830 463 2049 501 fabricaban-

1286 520 1365 554 tur,
1393 523 1454 548 aut
1490 513 1532 548 ab
1568 513 1648 549 aliis
1686 513 1852 550 fabricata
1890 515 2048 564 excipie-

1287 561 1431 598 bantur.
1459 565 1542 607 Quo
1571 573 1729 611 tempore
1766 565 1916 612 primum
1947 565 2047 602 audi-

1286 621 1321 647 ta
1349 612 1455 648 fuerit
1490 612 1636 661 opinio,
1663 615 1931 650 Constantinum
1964 619 2046 652 Ma-

1285 675 1390 711 gnum
1439 665 1608 698 immensa
1653 664 1843 701 donatione
1892 665 2046 703 effudisse

1287 715 1405 762 Regna
1431 714 1468 749 in
1499 713 1604 749 finum
1644 714 1814 750 Ecclesiae
1844 717 2044 762 Romanae,

1285 763 1458 800 incertum
1486 764 1548 800 est.
1587 764 1685 800 Mihi
1723 778 1741 800 a
1776 778 1858 801 vero
1896 767 2044 804 minime

1285 813 1438 849 alienum
1475 814 1635 854 videtur,
1666 815 1773 851 alicui
1809 817 1953 853 Oratori
1981 831 2043 853 ex-

1284 863 1401 900 cidiffe
1427 892 1437 908 ‚
1475 864 1611 900 fortasse
1648 866 1770 901 Seculo
1810 869 1910 902 V111.
1956 867 2041 905 dum

1287 916 1435 951 Romani
1471 915 1654 951 Pontificis
1693 917 1972 965 praerogativas,
2002 932 2044 955 u-

1283 965 1380 1012 tique
1418 975 1526 1001 certas
1563 967 1594 1001 8(
1635 966 1824 1014 plurimas,
1857 980 2043 1016 exaggera-

1281 1025 1353 1058 ret,
1383 1016 1463 1052 ideo
1499 1015 1770 1052 Constantinum
1810 1017 1973 1053 receffiffe
2001 1018 2041 1055 in

1280 1067 1486 1106 Orientem,
1523 1077 1562 1103 ut
1599 1067 1706 1103 libera
1751 1070 1862 1103 Roma
1903 1068 2040 1105 summo

1279 1116 1408 1152 Christi
1437 1117 1583 1153 Vicario
1621 1127 1796 1154 maneret:
1829 1119 1922 1166 quod
1960 1122 2041 1155 Sae-

1278 1168 1358 1202 culo
1395 1167 1594 1213 praesertim
1633 1170 1693 1204 XI.
1722 1179 1879 1217 tempore
1917 1170 2036 1206 Sancti

1278 1217 1409 1253 Leonis
1436 1219 1496 1252 IX.
1520 1218 1630 1264 Papae
1654 1218 1845 1254 ferebatur.
1870 1220 2037 1268 Arripuit

1277 1267 1419 1303 indoc'ta
1455 1280 1559 1317 genS,
1587 1267 1700 1303 immo
1735 1269 1769 1303 8<
1806 1269 1930 1312 (loeta,
1961 1283 2037 1305 ma-

1276 1318 1444 1366 gnificum
1487 1319 1657 1355 effatum:
1699 1319 1795 1367 cujus
1836 1319 1943 1355 etiarn
1983 1321 2036 1357 rei

1278 1369 1458 1415 vestigium
1503 1369 1658 1402 sublucet
1698 1369 1736 1402 in
1779 1369 1932 1416 Epistola
1972 1383 2035 1418 49.

1276 1417 1447 1452 Hadriani
1478 1418 1504 1452 I.
1534 1418 1645 1463 Papae
1682 1417 1721 1452 ad
1751 1420 1918 1454 Carolum
1955 1422 2037 1457 Ma-

1274 1480 1400 1514 gnum.
1438 1466 1492 1502 Ibi
1530 1467 1624 1502 enim
1663 1467 1795 1502 dicitur
1830 1469 1867 1504 in
1901 1471 2035 1507 Codice

1274 1518 1471 1561 Carolino,
1510 1529 1566 1563 per
1610 1518 1811 1560 Constantini
1853 1520 2036 1567 largitatem

1206 1563 1240 1596 D
1269 1568 1383 1611 samYa
1412 1569 1473 1603 Dei
1499 1569 1663 1603 catholica
1691 1570 1733 1603 (9⁴
1759 1570 1942 1615 Apostolica
1966 1575 2036 1605 Ro-

1194 2026 1196 2036 *
1205 2015 1233 2048 E

1274 1633 1368 1654 mana
1396 1619 1531 1660 Ecclesia
1568 1621 1692 1655 elevata
1729 1621 1771 1653 (9'
1798 1621 1958 1664 exaltata,
1986 1621 2036 1656 cui

1274 1670 1319 1707 ἴθ’
1347 1672 1530 1712 Potessaeem
1559 1671 1592 1704 in
1621 1671 1669 1704 his
1698 1670 1865 1713 Hesperiae
1885 1672 2033 1715 partibus

1274 1721 1391 1766 largiri
1425 1721 1577 1766 dignatus
1604 1723 1664 1763 est.
1702 1723 1803 1766 Quae
1839 1723 1942 1757 verba
1977 1722 2034 1757 in-

1274 1771 1388 1806 dicare
1416 1771 1600 1811 videntur,
1630 1771 1696 1819 jam
1731 1782 1803 1806 tum
1836 1772 2033 1808 adhibitam

1274 1820 1372 1856 fuiffe
1412 1821 1626 1857 mentionem
1671 1821 1899 1870 amplissimae
1936 1825 2035 1858 Con-

1273 1871 1500 1907 stantinianae
1536 1872 1764 1912 donationis,
1801 1883 1840 1908 ut
1882 1876 2035 1909 Franco-

1273 1936 1347 1958 rum
1389 1925 1497 1970 Reges
1527 1922 1695 1971 Pippinus
1731 1925 1764 1958 δε
1802 1922 1953 1960 Carolus
1987 1924 2035 1960 li-

1274 1973 1460 2009 beraliores
1500 1973 1565 2009 sese
1602 1973 1807 2009 exhiberent
1844 1988 1923 2023 erga
1962 1977 2034 2010 Ro-

1273 2037 1411 2059 manam
1458 2024 1665 2060 Ecclefiam.
1713 2024 1876 2060 Succeffit
1922 2025 2034 2072 postea

1272 2076 1396 2111 Seculo
1424 2074 1560 2110 fortasse
1587 2075 1755 2111 Decimo,
1778 2075 1862 2127 qui,
1890 2083 1931 2108 ut
1956 2087 2032 2122 gra-

1272 2125 1359 2161 tiam
1392 2125 1499 2159 iniret
1537 2127 1713 2157 Romanae
1749 2124 1900 2162 Cumae,
1928 2125 2030 2160 tabu-

1272 2177 1322 2211 las
1360 2172 1573 2207 Donationis
1610 2171 1712 2219 ipsius
1749 2185 1926 2220 nunquam
1969 2188 2031 2210 an-

1272 2234 1327 2261 tea
1354 2222 1444 2258 visas
1472 2222 1532 2257 fibi
1562 2222 1667 2258 licere
1704 2222 1900 2270 confingere
1929 2235 2031 2272 puta-

1272 2274 1349 2318 vit,
1371 2273 1493 2320 easque
1518 2273 1685 2308 Romanis
1713 2273 1943 2310 Pontificibus
1969 2279 2031 2310 ob-

1271 2325 1426 2361 trudere.
1458 2324 1498 2359 In
1539 2323 1743 2372 Diplomate
1779 2325 1925 2360 Ottonis
1964 2327 2028 2362 111.

1271 2375 1441 2425 Augusti,
1482 2375 1573 2422 quod
1616 2374 1818 2411 Cardinalis
1860 2376 2029 2411 Batonius

1271 2426 1312 2462 ad
1343 2430 1486 2461 Annum
1514 2427 1686 2461 MCXCI.
1715 2426 1846 2473 publici
1875 2426 1958 2474 juris
1981 2425 2032 2462 fe-

1270 2476 1344 2524 cit,
1368 2476 1489 2515 auctor
1515 2475 1676 2528 figmenti
1696 2475 1795 2514 fuisse
1821 2477 1951 2563 dizirur
1964 2479 2030 2520 Je-

1884 2539 1980 2562 annes
