2232 3089
452 182 529 222 171
804 164 1416 223 ANTIQUIT.MEDII
1447 167 1609 211 AEVJ
1881 190 1959 231 172

1266 226 1408 274 visaque
1434 227 1479 263 est
1509 227 1597 263 mihi
1626 231 1857 279 autographa.
1886 233 2024 270 Ibidem

1267 280 1348 312 vero
1384 278 1420 314 in
1459 278 1619 315 inferiori
1664 292 1757 326 parre
1800 296 2024 331 pergamenae

1264 326 1302 362 in
1339 329 1455 364 medio
1494 331 1662 377 pendebat
1701 332 1867 369 Plumbea
1900 335 2024 379 Bulla,

1265 378 1362 427 cujus
1388 379 1540 429 effiypon
1568 380 1646 417 heic
1673 382 1844 419 exhibeo.

388 224 454 262 rici
493 225 586 260 inter
622 225 853 270 Imperatores
893 223 1025 262 Primi,
1055 223 1152 259 Coe-

388 275 497 313 nobio
525 274 650 323 infigni
679 275 796 310 SanE'ci
828 274 1020 310 Salvatoris
1048 273 1152 310 Tici-

387 325 497 362 nensis
533 326 675 362 datum.
713 326 957 360 Membranam
997 339 1062 372 ego
1096 324 1152 358 in-

388 376 486 427 spexi
511 378 550 414 in
575 376 771 414 Tabulario
794 375 898 425 ipfius
922 373 1152 419 Momsterii,

385 1234 444 1270 Ad
490 1234 575 1271 haec
617 1235 797 1278 Principes
841 1233 1066 1283 Langobardi
1112 1245 1151 1268 ac

389 1285 612 1328 Normanni,
640 1287 701 1333 qui
733 1287 957 1327 Benevento,
987 1286 1150 1327 Salerno,

386 1334 554 1381 Capuae,
575 1336 722 1383 aliisque
746 1336 898 1370 Urbibus
927 1336 1038 1384 Regni
1061 1347 1151 1369 nunc

388 1385 619 1432 Neapolitani
668 1385 843 1421 dominati
894 1385 999 1423 sunt,
1048 1386 1152 1420 modo

386 1436 531 1475 cereis,
562 1436 667 1472 modo
699 1436 875 1472 Plumbeis
909 1437 1043 1483 sigillis
1075 1435 1153 1470 sunt

387 1485 456 1521 usi.
496 1488 547 1521 Ita
578 1489 795 1521 Venetorum
835 1489 948 1520 Duces
981 1486 1022 1519 ab
1060 1484 1149 1518 anti-

390 1536 469 1582 quis
518 1536 647 1571 Seculis
696 1535 859 1580 plumbeo
906 1534 1032 1581 Sigillo
1078 1532 1150 1567 suas

389 1587 538 1622 chartas
566 1586 789 1620 muniebant.
815 1584 976 1620 Marinus
1005 1586 1151 1618 Sanutus

387 1636 507 1684 junior
545 1636 579 1670 in
621 1638 745 1670 Vener.
784 1635 870 1670 Hist.
910 1649 928 1670 a
966 1648 1019 1668 me
1057 1635 1183 1673 edita.

388 1687 496 1722 Tom.
526 1687 657 1720 XXIII.
689 1689 766 1721 Rer.
794 1687 871 1720 Ital.
900 1685 959 1720 sub
988 1684 1150 1719 Sebastia·
1180 1679 1224 1723 'C

388 1749 434 1771 no
465 1737 576 1771 Ziano
607 1738 703 1771 Duce
741 1735 881 1771 scribit:
919 1738 1153 1769 Emmanuelem

388 1790 572 1820 Gaaesorum
610 1789 826 1831 Imperatorem
863 1784 998 1829 privaffl’
1040 1789 1153 1820 Ducem

391 1838 540 1870 Vanetum
584 1836 755 1881 privilegio
800 1836 948 1869 bullandi
998 1837 1151 1879 Plumbo,

389 1899 468 1932 quae
494 1886 719 1929 praerogativa
746 1889 786 1920 ab
813 1886 887 1919 aliis
913 1888 1153 1930 Imperatoribus

388 1937 418 1970 ei
445 1935 573 1982 conceffa
598 1936 722 1979 fuerat.
762 1937 876 1972 [mmo
905 1938 944 1971 ad
974 1951 1090 1972 eorum
1122 1937 1150 1972 i-

389 1987 640 2027 mitationem,
669 1986 760 2034 quasi
791 1988 854 2022 hoc
883 1987 1013 2036 insigne
1043 1988 1152 2036 privi-

389 2037 522 2084 legium
562 2037 673 2078 foret,
707 2037 909 2085 Respublica
942 2038 1104 2074 Lucensis
1135 2053 1152 2072 a

391 2089 554 2122 Romano
599 2087 770 2123 Pontifice
813 2089 1021 2130 impetravit
1063 2088 1152 2135 paris

391 2138 509 2186 Sigilli
539 2138 611 2186 jus.
639 2138 733 2173 Audi
766 2140 987 2174 ptolomeum
1017 2142 1150 2174 Lucen-

391 2187 461 2223 sem
501 2189 535 2223 in
568 2189 736 2224 Annalib.
767 2189 897 2224 brevib.
928 2191 967 2223 ad
1007 2191 1151 2224 Annum

392 2239 571 2274 MLle.
600 2241 649 2274 ita
677 2240 900 2286 loquentem:
933 2241 1050 2274 Eodem
1074 2245 1151 2275 An-

393 2303 432 2324 no
458 2292 644 2324 Alexander
681 2292 723 2324 II.
752 2294 842 2334 Papa
879 2291 1055 2325 Civitatem
1084 2294 1151 2325 Lu-

392 2341 505 2380 censem
533 2341 703 2375 nobilitat.
729 2344 814 2376 Nam
851 2342 949 2387 primo
985 2341 1098 2375 tribuit
1125 2341 1154 2374 ei

393 2392 527 2428 Buttam
552 2394 735 2430 Plumbeam
766 2403 824 2440 pro
856 2393 974 2440 sigillo
1007 2394 1151 2427 Commu-

1177 1234 1225 1268 ,B
1265 1231 1401 1274 nitatis,
1429 1242 1465 1265 ut
1502 1233 1594 1266 babet
1625 1232 1697 1266 Dux'
1734 1237 1915 1270 Venetorum
1951 1234 2025 1273 &aa

1266 1284 1306 1317 In
1346 1281 1439 1317 votis
1478 1282 1567 1317 mihi
1605 1282 1718 1317 fuifl'et
1763 1284 1856 1319 adire
1894 1286 2027 1321 celebre

1265 1333 1498 1369 Tabularium
1553 1333 1757 1369 Monasterii
1811 1334 1998 1370 Cafinenfis
2017 1360 2031 1380 ‚

1266 1395 1370 1431 atque
1392 1384 1442 1418 ibi
1464 1384 1614 1419 invisere
1639 1385 1834 1428 complures
1857 1386 2028 1430 Chartas,

1266 1436 1391 1479 quibus
1414 1434 1523 1467 adhuc
1546 1433 1677 1467 adnexa
1707 1433 1783 1468 sunt
1804 1435 1946 1482 antiqua
1973 1434 2028 1470 Si-

1265 1483 1371 1527 gilla.
1399 1484 1481 1516 Non
1513 1483 1687 1531 ingratum
1720 1495 1835 1519 tamen
1861 1486 1928 1520 erit
1958 1487 2029 1521 Le-

1265 1531 1353 1566 &ori
1393 1534 1548 1574 accipere
1587 1536 1755 1569 nonnulla
1792 1549 1833 1570 ex
1872 1535 1937 1574 iis,
1974 1534 2029 1572 uti

1265 1584 1297 1616 8<
1338 1585 1670 1631 Monogrammata‚
1702 1598 1789 1632 quae
1827 1585 1866 1620 ad
1905 1586 2028 1620 imita-

1266 1633 1399 1667 tionem
1433 1637 1587 1682 Regum,
1619 1635 1796 1681 prim-ip&
1824 1636 1852 1670 ii
1880 1636 2025 1670 adhibe-

1267 1697 1301 1719 re
1335 1684 1607 1721 consueverunt.
1647 1688 1768 1730 Neque
1806 1686 2028 1727 praetermit-

1267 1746 1361 1777 tam,
1382 1748 1469 1781 quae
1495 1737 1535 1770 ad
1564 1736 1734 1784 Augustos
1762 1736 1868 1771 exiam
1894 1734 1931 1771 ὅ(
1961 1739 2028 1772 Re-

1267 1799 1323 1833 ges
1353 1786 1547 1831 pertinent.
1576 1787 1718 1834 Singula
1745 1787 1839 1822 enim
1869 1796 2027 1822 accurate

1266 1836 1352 1870 olim
1385 1835 1613 1883 perscrutatus
1651 1836 1720 1871 fuit
1747 1839 1804 1872 Cl.
1835 1839 1878 1872 V.
1918 1839 2029 1872 Bene-

1266 1885 1379 1921 diam
1418 1886 1627 1922 B-mchinius
1657 1888 1776 1923 Abbas
1815 1887 1931 1922 Sanffli
1964 1889 2029 1923 Pe-

1267 1937 1312 1971 tri
1337 1938 1567 1977 Mutinenfis,
1594 1951 1722 1985 eaque,
1748 1939 1829 1973 dum
1859 1939 2028 1983 vivebat,

1268 2000 1402 2022 mecum
1431 1988 1669 2023 liberaliffime
1696 1989 1898 2024 communia
1923 1988 2028 2024 fecit.

1270 2039 1390 2084 Itaque
1417 2038 1468 2073 ibi
1508 2039 1621 2085 primo
1650 2040 1730 2074 loco
1769 2040 1936 2084 Diplorna
1967 2041 2028 2073 Lo-

1267 2088 1364 2121 tharii
1395 2090 1417 2123 I.
1445 2090 1609 2136 Augusti,
1637 2090 1756 2124 datum
1785 2092 1875 2123 Nono
1903 2088 2027 2123 Kalen-

1266 2141 1323 2172 das
1355 2141 1492 2178 Martii,
1519 2144 1619 2174 Anno
1648 2138 1773 2183 Imperii
1802 2140 1906 2172 XVII.
1938 2137 2029 2171 Indi-

1267 2188 1365 2223 Hione
1395 2191 1484 2222 XIII.
1510 2192 1543 2221 in
1573 2188 1674 2231 Papia
1697 2190 1865 2230 Civttate‚
1891 2188 1957 2222 hoc
1982 2186 2028 2223 est

1268 2241 1373 2274 Anno
1401 2237 1530 2272 Christi
1571 2239 1852 2273 DCCCXXXV.
1884 2237 2027 2284 Epochz'i

1267 2290 1308 2324 ab
1332 2287 1477 2323 exordio
1505 2288 1617 2336 Regni
1644 2289 1763 2323 Italici
1790 2289 1954 2324 deduffl..
1980 2291 2028 2323 E-

1266 2339 1318 2389 jus
1341 2339 1478 2375 vultum
1503 2337 1542 2375 in
1568 2338 1696 2388 sigillo
1721 2353 1820 2377 cereo
1846 2338 2026 2388 conspice.

1895 2544 1977 2580 Suc-
