<?xml version="1.0" encoding="UTF-8"?>
<!DOCTYPE html PUBLIC "-//W3C//DTD XHTML 1.0 Transitional//EN"
    "http://www.w3.org/TR/xhtml1/DTD/xhtml1-transitional.dtd">
<html xmlns="http://www.w3.org/1999/xhtml" xml:lang="en" lang="en">
 <head>
  <title>
</title>
<meta http-equiv="Content-Type" content="text/html;charset=utf-8" />
  <meta name='ocr-system' content='tesseract 3.04.00' />
  <meta name='ocr-capabilities' content='ocr_page ocr_carea ocr_par ocr_line ocrx_word'/>
</head>
<body>
  <div class='ocr_page' id='page_1' title='image "antiquitatesital07mura_0120.png"; bbox 0 0 2232 3089; ppageno 0'>
   <div class='ocr_carea' id='block_1_1' title="bbox 465 203 993 259">
    <p class='ocr_par' dir='ltr' id='par_1_1' title="bbox 465 203 993 259">
     <span class='ocr_line' id='line_1_1' title="bbox 465 203 993 259; baseline 0.004 -14"><span class='ocrx_word' id='word_1_1' title='bbox 465 217 554 259; x_wconf 66' lang='lat'>²15</span> <span class='ocrx_word' id='word_1_2' title='bbox 815 203 993 247; x_wconf 85' lang='grc' dir='ltr'><em>ΑΝΤΙ</em></span> 
     </span>
    </p>
   </div>
   <div class='ocr_carea' id='block_1_2' title="bbox 1002 200 1978 262">
    <p class='ocr_par' dir='ltr' id='par_1_2' title="bbox 1002 200 1978 262">
     <span class='ocr_line' id='line_1_2' title="bbox 1002 200 1978 262; baseline 0.007 -17"><span class='ocrx_word' id='word_1_3' title='bbox 1002 201 1193 262; x_wconf 66' lang='lat' dir='ltr'><strong><em>QUIT.</em></strong></span> <span class='ocrx_word' id='word_1_4' title='bbox 1221 200 1438 247; x_wconf 82' lang='lat' dir='ltr'><strong><em>MEDII</em></strong></span> <span class='ocrx_word' id='word_1_5' title='bbox 1464 201 1633 247; x_wconf 79' lang='lat' dir='ltr'><em>AEVI</em></span> <span class='ocrx_word' id='word_1_6' title='bbox 1891 213 1978 252; x_wconf 78' lang='lat'>216</span> 
     </span>
    </p>
   </div>
   <div class='ocr_carea' id='block_1_3' title="bbox 403 260 2035 315">
    <p class='ocr_par' dir='ltr' id='par_1_3' title="bbox 403 260 2035 315">
     <span class='ocr_line' id='line_1_3' title="bbox 403 260 2035 315; baseline 0.004 -19"><span class='ocrx_word' id='word_1_7' title='bbox 403 260 524 310; x_wconf 77' lang='lat' dir='ltr'>potuit</span> <span class='ocrx_word' id='word_1_8' title='bbox 564 260 603 297; x_wconf 88' lang='lat' dir='ltr'>in</span> <span class='ocrx_word' id='word_1_9' title='bbox 639 260 800 311; x_wconf 70' lang='lat' dir='ltr'>signanda</span> <span class='ocrx_word' id='word_1_10' title='bbox 835 276 941 300; x_wconf 86' lang='lat' dir='ltr'>cera.</span> <span class='ocrx_word' id='word_1_11' title='bbox 983 264 1038 299; x_wconf 87' lang='lat' dir='ltr'>Ibi</span> <span class='ocrx_word' id='word_1_12' title='bbox 1079 264 1163 298; x_wconf 84' lang='lat' dir='ltr'>EV-</span> <span class='ocrx_word' id='word_1_13' title='bbox 1196 265 1247 300; x_wconf 83' lang='lat' dir='ltr'>A.</span> <span class='ocrx_word' id='word_1_14' title='bbox 1275 261 1352 298; x_wconf 81' lang='lat' dir='ltr'>hilo</span> <span class='ocrx_word' id='word_1_15' title='bbox 1383 261 1491 300; x_wconf 87' lang='lat' dir='ltr'>secius</span> <span class='ocrx_word' id='word_1_16' title='bbox 1520 262 1765 312; x_wconf 74' lang='lat' dir='ltr'>apparentibus</span> <span class='ocrx_word' id='word_1_17' title='bbox 1800 264 1894 302; x_wconf 89' lang='lat' dir='ltr'>inter</span> <span class='ocrx_word' id='word_1_18' title='bbox 1922 265 2035 315; x_wconf 88' lang='lat' dir='ltr'>nigri·</span> 
     </span>
    </p>
   </div>
   <div class='ocr_carea' id='block_1_4' title="bbox 397 312 1162 414">
    <p class='ocr_par' dir='ltr' id='par_1_4' title="bbox 397 312 1162 414">
     <span class='ocr_line' id='line_1_4' title="bbox 401 312 1162 363; baseline -0.001 -15"><span class='ocrx_word' id='word_1_19' title='bbox 401 314 541 348; x_wconf 87' lang='lat' dir='ltr'>STOR.</span> <span class='ocrx_word' id='word_1_20' title='bbox 578 325 706 348; x_wconf 90' lang='lat' dir='ltr'>nomen</span> <span class='ocrx_word' id='word_1_21' title='bbox 742 312 899 363; x_wconf 88' lang='lat' dir='ltr'>legitur,</span> <span class='ocrx_word' id='word_1_22' title='bbox 934 327 1006 362; x_wconf 84' lang='lat' dir='ltr'>quo</span> <span class='ocrx_word' id='word_1_23' title='bbox 1031 313 1162 357; x_wconf 78' lang='lat' dir='ltr'>Eustor-</span> 
     </span>
     <span class='ocr_line' id='line_1_5' title="bbox 397 361 844 414; baseline 0.013 -17"><span class='ocrx_word' id='word_1_24' title='bbox 397 363 474 412; x_wconf 68' lang='lat' dir='ltr'>gius</span> <span class='ocrx_word' id='word_1_25' title='bbox 499 361 668 413; x_wconf 85' lang='lat' dir='ltr'>defignari</span> <span class='ocrx_word' id='word_1_26' title='bbox 694 366 844 414; x_wconf 81' lang='lat' dir='ltr'>opinor.</span> 
     </span>
    </p>
   </div>
   <div class='ocr_carea' id='block_1_5' title="bbox 1206 718 1233 753">
    <p class='ocr_par' dir='ltr' id='par_1_5' title="bbox 450 491 1233 753">
     <span class='ocr_line' id='line_1_6' title="bbox 1206 718 1233 753; baseline 0.018 -1.483"><span class='ocrx_word' id='word_1_27' title='bbox 1206 718 1233 753; x_wconf 42' lang='grc' dir='ltr'><strong>Β</strong></span> 
     </span>
    </p>
   </div>
   <div class='ocr_carea' id='block_1_6' title="bbox 451 823 1216 873">
    <p class='ocr_par' dir='ltr' id='par_1_6' title="bbox 451 823 1216 873">
     <span class='ocr_line' id='line_1_7' title="bbox 451 823 1216 873; baseline 0.004 -15"><span class='ocrx_word' id='word_1_28' title='bbox 451 824 492 858; x_wconf 84' lang='lat' dir='ltr'>In</span> <span class='ocrx_word' id='word_1_29' title='bbox 520 824 629 860; x_wconf 86' lang='lat' dir='ltr'>altera</span> <span class='ocrx_word' id='word_1_30' title='bbox 654 826 738 860; x_wconf 75' lang='lat' dir='ltr'>verb</span> <span class='ocrx_word' id='word_1_31' title='bbox 765 823 917 869; x_wconf 84' lang='lat' dir='ltr'>tabella,</span> <span class='ocrx_word' id='word_1_32' title='bbox 942 823 1056 861; x_wconf 83' lang='lat' dir='ltr'>limbo</span> <span class='ocrx_word' id='word_1_33' title='bbox 1083 836 1161 873; x_wconf 85' lang='lat' dir='ltr'>pro·</span> <span class='ocrx_word' id='word_1_34' title='bbox 1211 850 1216 853; x_wconf 88' lang='lat'>-</span> 
     </span>
    </p>
   </div>
   <div class='ocr_carea' id='block_1_7' title="bbox 398 873 1161 1165">
    <p class='ocr_par' dir='ltr' id='par_1_7' title="bbox 398 873 1161 1165">
     <span class='ocr_line' id='line_1_8' title="bbox 399 873 1159 920; baseline 0 -11"><span class='ocrx_word' id='word_1_35' title='bbox 399 873 553 910; x_wconf 78' lang='lat' dir='ltr'>&#39;minenti</span> <span class='ocrx_word' id='word_1_36' title='bbox 583 885 745 920; x_wconf 84' lang='lat' dir='ltr'>carente,</span> <span class='ocrx_word' id='word_1_37' title='bbox 781 875 845 911; x_wconf 77' lang='lat' dir='ltr'>hae</span> <span class='ocrx_word' id='word_1_38' title='bbox 881 877 1004 912; x_wconf 82' lang='lat' dir='ltr'>literae</span> <span class='ocrx_word' id='word_1_39' title='bbox 1041 875 1076 910; x_wconf 90' lang='lat' dir='ltr'>in</span> <span class='ocrx_word' id='word_1_40' title='bbox 1108 873 1159 910; x_wconf 84' lang='lat' dir='ltr'>su-</span> 
     </span>
     <span class='ocr_line' id='line_1_9' title="bbox 401 923 1158 972; baseline 0.003 -14"><span class='ocrx_word' id='word_1_41' title='bbox 401 923 543 972; x_wconf 73' lang='lat' dir='ltr'>perficie</span> <span class='ocrx_word' id='word_1_42' title='bbox 571 934 713 961; x_wconf 81' lang='lat' dir='ltr'>cavatae</span> <span class='ocrx_word' id='word_1_43' title='bbox 742 925 973 961; x_wconf 85' lang='lat' dir='ltr'>exhibentur:</span> <span class='ocrx_word' id='word_1_44' title='bbox 1010 927 1158 961; x_wconf 85' lang='lat' dir='ltr'>CONC.</span> 
     </span>
     <span class='ocr_line' id='line_1_10' title="bbox 399 977 1161 1017; baseline -0.004 -6"><span class='ocrx_word' id='word_1_45' title='bbox 399 977 533 1011; x_wconf 86' lang='lat' dir='ltr'>ORDI.</span> <span class='ocrx_word' id='word_1_46' title='bbox 577 977 729 1012; x_wconf 82' lang='lat' dir='ltr'>Fortaffe</span> <span class='ocrx_word' id='word_1_47' title='bbox 767 978 940 1012; x_wconf 81' lang='lat' dir='ltr'><em>Concordia</em></span> <span class='ocrx_word' id='word_1_48' title='bbox 976 977 1129 1011; x_wconf 77' lang='lat' dir='ltr'><em>ordinum</em></span> <span class='ocrx_word' id='word_1_49' title='bbox 1151 1003 1161 1017; x_wconf 82' lang='lat'><strong>‚</strong></span> 
     </span>
     <span class='ocr_line' id='line_1_11' title="bbox 398 1024 1155 1074; baseline 0.001 -14"><span class='ocrx_word' id='word_1_50' title='bbox 398 1024 468 1061; x_wconf 78' lang='lat' dir='ltr'>five</span> <span class='ocrx_word' id='word_1_51' title='bbox 504 1027 656 1072; x_wconf 77' lang='lat' dir='ltr'>Ordinis,</span> <span class='ocrx_word' id='word_1_52' title='bbox 691 1026 755 1062; x_wconf 83' lang='lat' dir='ltr'>nifi</span> <span class='ocrx_word' id='word_1_53' title='bbox 793 1027 921 1071; x_wconf 87' lang='lat' dir='ltr'>malis,</span> <span class='ocrx_word' id='word_1_54' title='bbox 958 1027 1021 1063; x_wconf 82' lang='lat' dir='ltr'>effe</span> <span class='ocrx_word' id='word_1_55' title='bbox 1054 1027 1155 1074; x_wconf 85' lang='lat' dir='ltr'>Sigil-</span> 
     </span>
     <span class='ocr_line' id='line_1_12' title="bbox 399 1077 1158 1125; baseline -0.001 -12"><span class='ocrx_word' id='word_1_56' title='bbox 399 1077 473 1113; x_wconf 82' lang='lat' dir='ltr'>lum</span> <span class='ocrx_word' id='word_1_57' title='bbox 504 1078 670 1112; x_wconf 71' lang='lat' dir='ltr'>Concordia·</span> <span class='ocrx_word' id='word_1_58' title='bbox 695 1078 842 1125; x_wconf 83' lang='lat' dir='ltr'>alicujus</span> <span class='ocrx_word' id='word_1_59' title='bbox 874 1077 1054 1114; x_wconf 85' lang='lat' dir='ltr'>hominis.</span> <span class='ocrx_word' id='word_1_60' title='bbox 1087 1080 1158 1112; x_wconf 76' lang='grc' dir='ltr'>Νο-</span> 
     </span>
     <span class='ocr_line' id='line_1_13' title="bbox 398 1126 1157 1165; baseline 0.001 -3"><span class='ocrx_word' id='word_1_61' title='bbox 398 1126 517 1163; x_wconf 74' lang='lat' dir='ltr'>vimus</span> <span class='ocrx_word' id='word_1_62' title='bbox 555 1129 690 1163; x_wconf 73' lang='lat' dir='ltr'>Ordines</span> <span class='ocrx_word' id='word_1_63' title='bbox 731 1129 768 1164; x_wconf 87' lang='lat' dir='ltr'>in</span> <span class='ocrx_word' id='word_1_64' title='bbox 804 1127 1029 1165; x_wconf 80' lang='lat' dir='ltr'>Civitatibus</span> <span class='ocrx_word' id='word_1_65' title='bbox 1071 1128 1157 1163; x_wconf 79' lang='lat' dir='ltr'>olim</span> 
     </span>
    </p>
   </div>
   <div class='ocr_carea' id='block_1_8' title="bbox 398 1175 1230 1223">
    <p class='ocr_par' dir='ltr' id='par_1_8' title="bbox 398 1175 1230 1223">
     <span class='ocr_line' id='line_1_14' title="bbox 398 1175 1230 1223; baseline 0.001 -11"><span class='ocrx_word' id='word_1_66' title='bbox 398 1176 523 1220; x_wconf 73' lang='lat' dir='ltr'>fuisse,</span> <span class='ocrx_word' id='word_1_67' title='bbox 560 1179 625 1215; x_wconf 85' lang='lat' dir='ltr'>hoc</span> <span class='ocrx_word' id='word_1_68' title='bbox 653 1179 722 1223; x_wconf 77' lang='lat' dir='ltr'>est,</span> <span class='ocrx_word' id='word_1_69' title='bbox 759 1182 945 1219; x_wconf 79' lang='lat' dir='ltr'>Senatum,</span> <span class='ocrx_word' id='word_1_70' title='bbox 983 1189 1043 1215; x_wconf 90' lang='lat' dir='ltr'>aut</span> <span class='ocrx_word' id='word_1_71' title='bbox 1070 1178 1158 1214; x_wconf 91' lang='lat' dir='ltr'>Col·</span> <span class='ocrx_word' id='word_1_72' title='bbox 1199 1175 1230 1209; x_wconf 77' lang='lat' dir='ltr'>C</span> 
     </span>
    </p>
   </div>
   <div class='ocr_carea' id='block_1_9' title="bbox 397 1228 1160 1630">
    <p class='ocr_par' dir='ltr' id='par_1_9' title="bbox 397 1228 1160 1630">
     <span class='ocr_line' id='line_1_15' title="bbox 398 1228 1156 1277; baseline -0.001 -13"><span class='ocrx_word' id='word_1_73' title='bbox 398 1228 491 1277; x_wconf 76' lang='lat' dir='ltr'>legia</span> <span class='ocrx_word' id='word_1_74' title='bbox 519 1228 812 1277; x_wconf 77' lang='lat' dir='ltr'>Magistratuum‚</span> <span class='ocrx_word' id='word_1_75' title='bbox 840 1231 882 1267; x_wconf 90' lang='lat' dir='ltr'>de</span> <span class='ocrx_word' id='word_1_76' title='bbox 909 1231 1035 1276; x_wconf 84' lang='lat' dir='ltr'>quibus</span> <span class='ocrx_word' id='word_1_77' title='bbox 1064 1242 1156 1264; x_wconf 84' lang='lat' dir='ltr'>men-</span> 
     </span>
     <span class='ocr_line' id='line_1_16' title="bbox 399 1278 1151 1329; baseline -0.001 -15"><span class='ocrx_word' id='word_1_78' title='bbox 399 1278 455 1315; x_wconf 79' lang='lat' dir='ltr'>tio</span> <span class='ocrx_word' id='word_1_79' title='bbox 483 1281 594 1315; x_wconf 86' lang='lat' dir='ltr'>multa</span> <span class='ocrx_word' id='word_1_80' title='bbox 622 1281 665 1316; x_wconf 85' lang='lat' dir='ltr'>est</span> <span class='ocrx_word' id='word_1_81' title='bbox 695 1281 732 1316; x_wconf 91' lang='lat' dir='ltr'>in</span> <span class='ocrx_word' id='word_1_82' title='bbox 772 1281 928 1329; x_wconf 84' lang='lat' dir='ltr'>antiquis</span> <span class='ocrx_word' id='word_1_83' title='bbox 957 1279 1151 1319; x_wconf 30' lang='lat' dir='ltr'>Inscriptio*</span> 
     </span>
     <span class='ocr_line' id='line_1_17' title="bbox 398 1330 1157 1366; baseline 0.001 -2"><span class='ocrx_word' id='word_1_84' title='bbox 398 1330 503 1365; x_wconf 79' lang='lat' dir='ltr'>nibus</span> <span class='ocrx_word' id='word_1_85' title='bbox 523 1357 532 1366; x_wconf 88' lang='lat'><strong>.</strong></span> <span class='ocrx_word' id='word_1_86' title='bbox 580 1331 672 1366; x_wconf 88' lang='lat' dir='ltr'>Vide</span> <span class='ocrx_word' id='word_1_87' title='bbox 717 1331 824 1366; x_wconf 88' lang='lat' dir='ltr'>etiam</span> <span class='ocrx_word' id='word_1_88' title='bbox 874 1331 1157 1366; x_wconf 80' lang='lat' dir='ltr'>Differtationem</span> 
     </span>
     <span class='ocr_line' id='line_1_18' title="bbox 399 1382 1160 1426; baseline 0.003 -11"><span class='ocrx_word' id='word_1_89' title='bbox 399 1382 537 1415; x_wconf 81' lang='lat' dir='ltr'><strong>XVIII.</strong></span> <span class='ocrx_word' id='word_1_90' title='bbox 573 1382 613 1415; x_wconf 79' lang='lat' dir='ltr'>de</span> <span class='ocrx_word' id='word_1_91' title='bbox 641 1382 843 1426; x_wconf 74' lang='lat' dir='ltr'>Republica,</span> <span class='ocrx_word' id='word_1_92' title='bbox 880 1382 940 1417; x_wconf 89' lang='lat' dir='ltr'>ubi</span> <span class='ocrx_word' id='word_1_93' title='bbox 977 1391 1160 1417; x_wconf 83' lang='lat' dir='ltr'>occurrent</span> 
     </span>
     <span class='ocr_line' id='line_1_19' title="bbox 397 1430 1158 1481; baseline 0.001 -15"><span class='ocrx_word' id='word_1_94' title='bbox 397 1430 467 1466; x_wconf 86' lang='lat' dir='ltr'>tibi</span> <span class='ocrx_word' id='word_1_95' title='bbox 493 1431 626 1466; x_wconf 71' lang='lat' dir='ltr'>ordines</span> <span class='ocrx_word' id='word_1_96' title='bbox 650 1431 785 1481; x_wconf 78' lang='lat' dir='ltr'>iidem3</span> <span class='ocrx_word' id='word_1_97' title='bbox 807 1445 846 1467; x_wconf 89' lang='lat' dir='ltr'>ac</span> <span class='ocrx_word' id='word_1_98' title='bbox 871 1442 1050 1480; x_wconf 72' lang='lat' dir='ltr'>propterea</span> <span class='ocrx_word' id='word_1_99' title='bbox 1078 1432 1158 1467; x_wconf 85' lang='lat' dir='ltr'>hoc-</span> 
     </span>
     <span class='ocr_line' id='line_1_20' title="bbox 398 1482 1158 1530; baseline -0.001 -13"><span class='ocrx_word' id='word_1_100' title='bbox 398 1494 438 1517; x_wconf 83' lang='lat' dir='ltr'>ce</span> <span class='ocrx_word' id='word_1_101' title='bbox 463 1482 590 1528; x_wconf 74' lang='lat' dir='ltr'>Sigillo</span> <span class='ocrx_word' id='word_1_102' title='bbox 614 1483 764 1530; x_wconf 58' lang='lat' dir='ltr'>alkcujus</span> <span class='ocrx_word' id='word_1_103' title='bbox 789 1483 962 1519; x_wconf 84' lang='lat' dir='ltr'>Civitatis</span> <span class='ocrx_word' id='word_1_104' title='bbox 988 1483 1158 1517; x_wconf 85' lang='lat' dir='ltr'>Ordinem</span> 
     </span>
     <span class='ocr_line' id='line_1_21' title="bbox 399 1531 1157 1573; baseline -0.004 -5"><span class='ocrx_word' id='word_1_105' title='bbox 399 1531 456 1568; x_wconf 76' lang='lat' dir='ltr'>fua</span> <span class='ocrx_word' id='word_1_106' title='bbox 486 1533 622 1567; x_wconf 72' lang='lat' dir='ltr'>decreta</span> <span class='ocrx_word' id='word_1_107' title='bbox 659 1531 834 1573; x_wconf 70' lang='lat' dir='ltr'>firmasse,</span> <span class='ocrx_word' id='word_1_108' title='bbox 872 1531 1061 1567; x_wconf 81' lang='lat' dir='ltr'>verifimile</span> <span class='ocrx_word' id='word_1_109' title='bbox 1091 1532 1157 1565; x_wconf 86' lang='lat' dir='ltr'>mi-</span> 
     </span>
     <span class='ocr_line' id='line_1_22' title="bbox 398 1581 1158 1630; baseline -0.001 -12"><span class='ocrx_word' id='word_1_110' title='bbox 398 1581 439 1620; x_wconf 74' lang='lat' dir='ltr'>hi</span> <span class='ocrx_word' id='word_1_111' title='bbox 467 1581 630 1619; x_wconf 84' lang='lat' dir='ltr'>videtur.</span> <span class='ocrx_word' id='word_1_112' title='bbox 665 1583 835 1619; x_wconf 85' lang='lat' dir='ltr'>Tabellae</span> <span class='ocrx_word' id='word_1_113' title='bbox 863 1591 985 1630; x_wconf 78' lang='lat' dir='ltr'>typum</span> <span class='ocrx_word' id='word_1_114' title='bbox 1014 1581 1158 1630; x_wconf 79' lang='lat' dir='ltr'>accipe.</span> 
     </span>
    </p>
   </div>
   <div class='ocr_carea' id='block_1_10' title="bbox 563 1702 1035 1954">
    <p class='ocr_par' dir='ltr' id='par_1_10' title="bbox 563 1702 1035 1954">
     <span class='ocr_line' id='line_1_23' title="bbox 570 1702 1035 1818; baseline 0.002 -1"><span class='ocrx_word' id='word_1_115' title='bbox 570 1702 1035 1818; x_wconf 63' lang='lat' dir='ltr'>(ONQ</span> 
     </span>
     <span class='ocr_line' id='line_1_24' title="bbox 563 1845 1034 1954; baseline 0.015 -8"><span class='ocrx_word' id='word_1_116' title='bbox 563 1845 1034 1954; x_wconf 62' lang='lat' dir='ltr'><strong>ORDb</strong></span> 
     </span>
    </p>
   </div>
   <div class='ocr_carea' id='block_1_11' title="bbox 400 2036 1166 2592">
    <p class='ocr_par' dir='ltr' id='par_1_11' title="bbox 400 2036 1166 2592">
     <span class='ocr_line' id='line_1_25' title="bbox 451 2036 1161 2088; baseline 0.007 -17"><span class='ocrx_word' id='word_1_117' title='bbox 451 2036 617 2086; x_wconf 82' lang='lat' dir='ltr'>Denique</span> <span class='ocrx_word' id='word_1_118' title='bbox 641 2040 729 2088; x_wconf 83' lang='lat' dir='ltr'>apud</span> <span class='ocrx_word' id='word_1_119' title='bbox 755 2040 898 2078; x_wconf 79' lang='lat' dir='ltr'>Clariss.</span> <span class='ocrx_word' id='word_1_120' title='bbox 919 2040 1046 2076; x_wconf 89' lang='lat' dir='ltr'>Virum</span> <span class='ocrx_word' id='word_1_121' title='bbox 1073 2039 1161 2076; x_wconf 83' lang='lat' dir='ltr'>Hie-</span> 
     </span>
     <span class='ocr_line' id='line_1_26' title="bbox 400 2090 1162 2134; baseline 0.004 -12"><span class='ocrx_word' id='word_1_122' title='bbox 400 2099 586 2134; x_wconf 74' lang='lat' dir='ltr'>ronymum</span> <span class='ocrx_word' id='word_1_123' title='bbox 616 2092 864 2128; x_wconf 73' lang='lat' dir='ltr'>Baruffaldium</span> <span class='ocrx_word' id='word_1_124' title='bbox 887 2090 1162 2130; x_wconf 78' lang='lat' dir='ltr'>Fen-ariensem,</span> 
     </span>
     <span class='ocr_line' id='line_1_27' title="bbox 400 2140 1160 2186; baseline 0.003 -13"><span class='ocrx_word' id='word_1_125' title='bbox 400 2150 492 2174; x_wconf 87' lang='lat' dir='ltr'>nunc</span> <span class='ocrx_word' id='word_1_126' title='bbox 520 2140 875 2186; x_wconf 76' lang='lat' dir='ltr'>Archipresbyterum</span> <span class='ocrx_word' id='word_1_127' title='bbox 905 2140 1048 2186; x_wconf 72' lang='lat' dir='ltr'>insignis</span> <span class='ocrx_word' id='word_1_128' title='bbox 1075 2142 1160 2176; x_wconf 88' lang='lat' dir='ltr'>Col—</span> 
     </span>
     <span class='ocr_line' id='line_1_28' title="bbox 401 2188 1161 2237; baseline 0.005 -13"><span class='ocrx_word' id='word_1_129' title='bbox 401 2188 550 2237; x_wconf 80' lang='lat' dir='ltr'>legiatae</span> <span class='ocrx_word' id='word_1_130' title='bbox 582 2189 719 2233; x_wconf 69' lang='lat' dir='ltr'>Centi,</span> <span class='ocrx_word' id='word_1_131' title='bbox 757 2190 880 2227; x_wconf 78' lang='lat' dir='ltr'>similis</span> <span class='ocrx_word' id='word_1_132' title='bbox 917 2192 1046 2227; x_wconf 79' lang='lat' dir='ltr'>tabella</span> <span class='ocrx_word' id='word_1_133' title='bbox 1082 2190 1161 2228; x_wconf 78' lang='lat' dir='ltr'>vifi-</span> 
     </span>
     <span class='ocr_line' id='line_1_29' title="bbox 403 2239 1164 2288; baseline 0.007 -16"><span class='ocrx_word' id='word_1_134' title='bbox 403 2247 482 2280; x_wconf 86' lang='lat' dir='ltr'>tur‚</span> <span class='ocrx_word' id='word_1_135' title='bbox 505 2239 618 2276; x_wconf 70' lang='lat' dir='ltr'>literis</span> <span class='ocrx_word' id='word_1_136' title='bbox 644 2242 678 2276; x_wconf 87' lang='lat' dir='ltr'>in</span> <span class='ocrx_word' id='word_1_137' title='bbox 706 2242 777 2288; x_wconf 76' lang='lat' dir='ltr'>ejus</span> <span class='ocrx_word' id='word_1_138' title='bbox 803 2241 984 2286; x_wconf 78' lang='lat' dir='ltr'>superficie</span> <span class='ocrx_word' id='word_1_139' title='bbox 1009 2242 1164 2282; x_wconf 81' lang='lat' dir='ltr'>cavatis,</span> 
     </span>
     <span class='ocr_line' id='line_1_30' title="bbox 402 2288 1163 2339; baseline 0.005 -15"><span class='ocrx_word' id='word_1_140' title='bbox 402 2288 595 2337; x_wconf 73' lang='lat' dir='ltr'>praeferens</span> <span class='ocrx_word' id='word_1_141' title='bbox 636 2303 763 2327; x_wconf 89' lang='lat' dir='ltr'>nomen</span> <span class='ocrx_word' id='word_1_142' title='bbox 805 2295 852 2339; x_wconf 84' lang='lat' dir='ltr'>Q.</span> <span class='ocrx_word' id='word_1_143' title='bbox 889 2294 1005 2328; x_wconf 74' lang='lat' dir='ltr'>FABt</span> <span class='ocrx_word' id='word_1_144' title='bbox 1042 2295 1163 2328; x_wconf 64' lang='grc' dir='ltr'>ΗΕΒ-</span> 
     </span>
     <span class='ocr_line' id='line_1_31' title="bbox 403 2341 1166 2392; baseline 0.001 -15"><span class='ocrx_word' id='word_1_145' title='bbox 403 2341 580 2377; x_wconf 83' lang='lat' dir='ltr'><strong>METIS.</strong></span> <span class='ocrx_word' id='word_1_146' title='bbox 619 2342 718 2378; x_wconf 80' lang='lat' dir='ltr'>Loco</span> <span class='ocrx_word' id='word_1_147' title='bbox 753 2342 870 2392; x_wconf 82' lang='lat' dir='ltr'>sigini</span> <span class='ocrx_word' id='word_1_148' title='bbox 898 2345 930 2379; x_wconf 84' lang='lat'>&amp;</span> <span class='ocrx_word' id='word_1_149' title='bbox 970 2343 1027 2379; x_wconf 82' lang='lat' dir='ltr'>ista</span> <span class='ocrx_word' id='word_1_150' title='bbox 1067 2343 1166 2379; x_wconf 52' lang='lat' dir='ltr'>fuisse</span> 
     </span>
     <span class='ocr_line' id='line_1_32' title="bbox 404 2390 1162 2441; baseline 0.003 -14"><span class='ocrx_word' id='word_1_151' title='bbox 404 2390 567 2431; x_wconf 73' lang='lat' dir='ltr'>viderur,</span> <span class='ocrx_word' id='word_1_152' title='bbox 592 2405 802 2441; x_wconf 84' lang='lat' dir='ltr'>quamquam</span> <span class='ocrx_word' id='word_1_153' title='bbox 826 2407 895 2429; x_wconf 84' lang='lat' dir='ltr'>non</span> <span class='ocrx_word' id='word_1_154' title='bbox 923 2393 1038 2429; x_wconf 75' lang='lat' dir='ltr'>minus</span> <span class='ocrx_word' id='word_1_155' title='bbox 1059 2395 1162 2441; x_wconf 68' lang='lat' dir='ltr'>quam</span> 
     </span>
     <span class='ocr_line' id='line_1_33' title="bbox 405 2442 1165 2492; baseline 0 -14"><span class='ocrx_word' id='word_1_156' title='bbox 405 2442 631 2492; x_wconf 76' lang='lat' dir='ltr'>praecedens,</span> <span class='ocrx_word' id='word_1_157' title='bbox 651 2443 674 2479; x_wconf 82' lang='lat' dir='ltr'>sl</span> <span class='ocrx_word' id='word_1_158' title='bbox 696 2454 891 2480; x_wconf 83' lang='lat' dir='ltr'>atramento</span> <span class='ocrx_word' id='word_1_159' title='bbox 912 2443 1081 2483; x_wconf 85' lang='lat' dir='ltr'>liniatur,</span> <span class='ocrx_word' id='word_1_160' title='bbox 1103 2457 1165 2482; x_wconf 82' lang='lat' dir='ltr'>oo-</span> 
     </span>
     <span class='ocr_line' id='line_1_34' title="bbox 404 2493 1164 2544; baseline 0.001 -15"><span class='ocrx_word' id='word_1_161' title='bbox 404 2495 514 2530; x_wconf 81' lang='lat' dir='ltr'>tuerit</span> <span class='ocrx_word' id='word_1_162' title='bbox 549 2493 656 2530; x_wconf 88' lang='lat' dir='ltr'>etiam</span> <span class='ocrx_word' id='word_1_163' title='bbox 693 2494 982 2544; x_wconf 77' lang='lat' dir='ltr'>subscriptionem</span> <span class='ocrx_word' id='word_1_164' title='bbox 1017 2507 1164 2544; x_wconf 79' lang='lat' dir='ltr'>parere,</span> 
     </span>
     <span class='ocr_line' id='line_1_35' title="bbox 404 2543 1166 2592; baseline -0.003 -9"><span class='ocrx_word' id='word_1_165' title='bbox 404 2545 520 2583; x_wconf 59' lang='lat' dir='ltr'>tueris</span> <span class='ocrx_word' id='word_1_166' title='bbox 546 2545 648 2582; x_wconf 79' lang='lat' dir='ltr'>nullo</span> <span class='ocrx_word' id='word_1_167' title='bbox 674 2546 792 2584; x_wconf 78' lang='lat' dir='ltr'>colore</span> <span class='ocrx_word' id='word_1_168' title='bbox 829 2545 971 2584; x_wconf 68' lang='lat' dir='ltr'>infeffis</span> <span class='ocrx_word' id='word_1_169' title='bbox 987 2571 999 2592; x_wconf 80' lang='lat'><em>,</em></span> <span class='ocrx_word' id='word_1_170' title='bbox 1034 2544 1074 2584; x_wconf 84' lang='lat'>&amp;</span> <span class='ocrx_word' id='word_1_171' title='bbox 1109 2543 1166 2582; x_wconf 83' lang='lat' dir='ltr'>ni-</span> 
     </span>
    </p>
   </div>
   <div class='ocr_carea' id='block_1_12' title="bbox 1276 314 2034 415">
    <p class='ocr_par' dir='ltr' id='par_1_12' title="bbox 1276 314 2034 415">
     <span class='ocr_line' id='line_1_36' title="bbox 1276 314 2034 365; baseline 0.009 -17"><span class='ocrx_word' id='word_1_172' title='bbox 1276 322 1412 349; x_wconf 82' lang='lat' dir='ltr'>cantem</span> <span class='ocrx_word' id='word_1_173' title='bbox 1435 314 1584 352; x_wconf 84' lang='lat' dir='ltr'>tabellae</span> <span class='ocrx_word' id='word_1_174' title='bbox 1604 314 1843 365; x_wconf 85' lang='lat' dir='ltr'>superficiem.</span> <span class='ocrx_word' id='word_1_175' title='bbox 1868 318 1967 355; x_wconf 75' lang='lat' dir='ltr'>Haec</span> <span class='ocrx_word' id='word_1_176' title='bbox 1988 316 2034 355; x_wconf 70' lang='lat' dir='ltr'>est</span> 
     </span>
     <span class='ocr_line' id='line_1_37' title="bbox 1276 363 1532 415; baseline 0.008 -15"><span class='ocrx_word' id='word_1_177' title='bbox 1276 363 1374 401; x_wconf 84' lang='lat' dir='ltr'>illius</span> <span class='ocrx_word' id='word_1_178' title='bbox 1401 363 1532 415; x_wconf 83' lang='lat' dir='ltr'>figura.</span> 
     </span>
    </p>
   </div>
   <div class='ocr_carea' id='block_1_13' title="bbox 1326 502 2011 780">
    <p class='ocr_par' dir='ltr' id='par_1_13' title="bbox 1326 502 2011 780">
     <span class='ocr_line' id='line_1_38' title="bbox 1326 502 2011 780; baseline 0 2309"><span class='ocrx_word' id='word_1_179' title='bbox 1326 502 2011 780; x_wconf 95' lang='lat' dir='ltr'> </span> 
     </span>
    </p>
   </div>
   <div class='ocr_carea' id='block_1_14' title="bbox 1274 872 2047 2629">
    <p class='ocr_par' dir='ltr' id='par_1_14' title="bbox 1274 872 2047 2284">
     <span class='ocr_line' id='line_1_39' title="bbox 1326 872 2037 924; baseline 0.003 -14"><span class='ocrx_word' id='word_1_180' title='bbox 1326 873 1391 910; x_wconf 88' lang='lat' dir='ltr'>Sed</span> <span class='ocrx_word' id='word_1_181' title='bbox 1427 872 1568 921; x_wconf 84' lang='lat' dir='ltr'>quando</span> <span class='ocrx_word' id='word_1_182' title='bbox 1603 888 1645 910; x_wconf 89' lang='lat' dir='ltr'>eo</span> <span class='ocrx_word' id='word_1_183' title='bbox 1681 873 1859 924; x_wconf 84' lang='lat' dir='ltr'>prolapsus</span> <span class='ocrx_word' id='word_1_184' title='bbox 1887 875 1932 911; x_wconf 78' lang='lat' dir='ltr'>est</span> <span class='ocrx_word' id='word_1_185' title='bbox 1968 874 2037 912; x_wconf 83' lang='lat' dir='ltr'>ser-</span> 
     </span>
     <span class='ocr_line' id='line_1_40' title="bbox 1276 924 2036 963; baseline 0.004 -4"><span class='ocrx_word' id='word_1_186' title='bbox 1276 937 1355 963; x_wconf 84' lang='lat' dir='ltr'>mo,</span> <span class='ocrx_word' id='word_1_187' title='bbox 1385 933 1424 960; x_wconf 86' lang='lat' dir='ltr'>ut</span> <span class='ocrx_word' id='word_1_188' title='bbox 1451 924 1490 960; x_wconf 88' lang='lat' dir='ltr'>de</span> <span class='ocrx_word' id='word_1_189' title='bbox 1521 927 1759 961; x_wconf 84' lang='lat' dir='ltr'>Romanorum</span> <span class='ocrx_word' id='word_1_190' title='bbox 1790 935 1945 963; x_wconf 84' lang='lat' dir='ltr'>veterum</span> <span class='ocrx_word' id='word_1_191' title='bbox 1981 926 2036 962; x_wconf 86' lang='lat' dir='ltr'>Si-</span> 
     </span>
     <span class='ocr_line' id='line_1_41' title="bbox 1274 975 2036 1025; baseline 0.003 -15"><span class='ocrx_word' id='word_1_192' title='bbox 1274 975 1373 1023; x_wconf 79' lang='lat' dir='ltr'>gillis</span> <span class='ocrx_word' id='word_1_193' title='bbox 1401 989 1497 1021; x_wconf 70' lang='lat' dir='ltr'>agam</span> <span class='ocrx_word' id='word_1_194' title='bbox 1517 1001 1526 1016; x_wconf 90' lang='lat'><em>,</em></span> <span class='ocrx_word' id='word_1_195' title='bbox 1561 978 1723 1025; x_wconf 69' lang='lat' dir='ltr'>evulgare</span> <span class='ocrx_word' id='word_1_196' title='bbox 1751 989 1843 1011; x_wconf 87' lang='lat' dir='ltr'>nunc</span> <span class='ocrx_word' id='word_1_197' title='bbox 1873 976 1971 1025; x_wconf 81' lang='lat' dir='ltr'>juvat</span> <span class='ocrx_word' id='word_1_198' title='bbox 1998 989 2036 1012; x_wconf 76' lang='lat' dir='ltr'>a-</span> 
     </span>
     <span class='ocr_line' id='line_1_42' title="bbox 1274 1025 2037 1075; baseline 0.004 -15"><span class='ocrx_word' id='word_1_199' title='bbox 1274 1026 1321 1061; x_wconf 82' lang='lat' dir='ltr'>lia</span> <span class='ocrx_word' id='word_1_200' title='bbox 1349 1025 1446 1061; x_wconf 76' lang='lat' dir='ltr'>frusta</span> <span class='ocrx_word' id='word_1_201' title='bbox 1473 1026 1718 1075; x_wconf 82' lang='lat' dir='ltr'>antiquitatis,</span> <span class='ocrx_word' id='word_1_202' title='bbox 1741 1040 1828 1074; x_wconf 86' lang='lat' dir='ltr'>quae</span> <span class='ocrx_word' id='word_1_203' title='bbox 1853 1026 1943 1062; x_wconf 86' lang='lat' dir='ltr'>mihi</span> <span class='ocrx_word' id='word_1_204' title='bbox 1970 1025 2037 1063; x_wconf 90' lang='lat' dir='ltr'>hu-</span> 
     </span>
     <span class='ocr_line' id='line_1_43' title="bbox 1277 1076 2038 1120; baseline 0.004 -10"><span class='ocrx_word' id='word_1_205' title='bbox 1277 1076 1470 1112; x_wconf 84' lang='lat' dir='ltr'>maniffime</span> <span class='ocrx_word' id='word_1_206' title='bbox 1499 1078 1742 1120; x_wconf 73' lang='lat' dir='ltr'>conspicienda</span> <span class='ocrx_word' id='word_1_207' title='bbox 1772 1091 1811 1114; x_wconf 88' lang='lat' dir='ltr'>ac</span> <span class='ocrx_word' id='word_1_208' title='bbox 1839 1076 2038 1114; x_wconf 81' lang='lat' dir='ltr'>describen-</span> 
     </span>
     <span class='ocr_line' id='line_1_44' title="bbox 1274 1127 2038 1170; baseline 0.003 -9"><span class='ocrx_word' id='word_1_209' title='bbox 1274 1127 1316 1162; x_wconf 87' lang='lat' dir='ltr'>da</span> <span class='ocrx_word' id='word_1_210' title='bbox 1353 1127 1451 1163; x_wconf 80' lang='lat' dir='ltr'>dedit</span> <span class='ocrx_word' id='word_1_211' title='bbox 1486 1128 1703 1165; x_wconf 74' lang='lat' dir='ltr'>doC&#39;ciffimus</span> <span class='ocrx_word' id='word_1_212' title='bbox 1735 1129 1820 1170; x_wconf 81' lang='lat' dir='ltr'>Vir,</span> <span class='ocrx_word' id='word_1_213' title='bbox 1850 1127 1887 1165; x_wconf 72' lang='grc' dir='ltr'>ἃ</span> <span class='ocrx_word' id='word_1_214' title='bbox 1922 1131 2038 1164; x_wconf 77' lang='lat' dir='ltr'>Reue-</span> 
     </span>
     <span class='ocr_line' id='line_1_45' title="bbox 1276 1177 2038 1216; baseline 0.007 -5"><span class='ocrx_word' id='word_1_215' title='bbox 1276 1177 1493 1213; x_wconf 77' lang='lat' dir='ltr'>rendiffimus</span> <span class='ocrx_word' id='word_1_216' title='bbox 1533 1181 1568 1214; x_wconf 88' lang='grc' dir='ltr'>Ρ.</span> <span class='ocrx_word' id='word_1_217' title='bbox 1601 1183 1645 1216; x_wconf 88' lang='lat' dir='ltr'>D.</span> <span class='ocrx_word' id='word_1_218' title='bbox 1676 1179 1846 1216; x_wconf 83' lang='lat' dir='ltr'>Ascanius</span> <span class='ocrx_word' id='word_1_219' title='bbox 1877 1179 2038 1216; x_wconf 76' lang='lat' dir='ltr'>Varefius</span> 
     </span>
     <span class='ocr_line' id='line_1_46' title="bbox 1279 1228 2039 1270; baseline 0.005 -8"><span class='ocrx_word' id='word_1_220' title='bbox 1279 1228 1466 1263; x_wconf 71' lang='lat' dir='ltr'>patavinus</span> <span class='ocrx_word' id='word_1_221' title='bbox 1484 1256 1494 1270; x_wconf 85' lang='lat'>‚</span> <span class='ocrx_word' id='word_1_222' title='bbox 1528 1230 1645 1264; x_wconf 80' lang='lat' dir='ltr'>Abbas</span> <span class='ocrx_word' id='word_1_223' title='bbox 1673 1231 1935 1265; x_wconf 81' lang='lat' dir='ltr'>canonicorum</span> <span class='ocrx_word' id='word_1_224' title='bbox 1968 1232 2039 1266; x_wconf 84' lang='lat' dir='ltr'>Re-</span> 
     </span>
     <span class='ocr_line' id='line_1_47' title="bbox 1275 1278 2040 1326; baseline 0.003 -14"><span class='ocrx_word' id='word_1_225' title='bbox 1275 1278 1449 1326; x_wconf 83' lang='lat' dir='ltr'>gularium</span> <span class='ocrx_word' id='word_1_226' title='bbox 1479 1278 1596 1313; x_wconf 61' lang='lat' dir='ltr'>saneti</span> <span class='ocrx_word' id='word_1_227' title='bbox 1624 1279 1793 1322; x_wconf 74' lang='lat' dir='ltr'>johannis</span> <span class='ocrx_word' id='word_1_228' title='bbox 1828 1279 1864 1314; x_wconf 89' lang='lat' dir='ltr'>in</span> <span class='ocrx_word' id='word_1_229' title='bbox 1894 1280 2040 1315; x_wconf 65' lang='lat' dir='ltr'>virida-</span> 
     </span>
     <span class='ocr_line' id='line_1_48' title="bbox 1276 1328 2039 1373; baseline 0.001 -9"><span class='ocrx_word' id='word_1_230' title='bbox 1276 1329 1329 1364; x_wconf 89' lang='lat' dir='ltr'>rio</span> <span class='ocrx_word' id='word_1_231' title='bbox 1360 1328 1521 1372; x_wconf 80' lang='lat' dir='ltr'>Patavii,</span> <span class='ocrx_word' id='word_1_232' title='bbox 1550 1329 1587 1366; x_wconf 66' lang='grc' dir='ltr'>ὅ(</span> <span class='ocrx_word' id='word_1_233' title='bbox 1617 1343 1724 1373; x_wconf 80' lang='lat' dir='ltr'>nuper</span> <span class='ocrx_word' id='word_1_234' title='bbox 1750 1331 1936 1364; x_wconf 86' lang='lat' dir='ltr'>eorundem</span> <span class='ocrx_word' id='word_1_235' title='bbox 1965 1329 2039 1365; x_wconf 87' lang='lat' dir='ltr'>Ca·</span> 
     </span>
     <span class='ocr_line' id='line_1_49' title="bbox 1277 1379 2042 1416; baseline 0.003 -2"><span class='ocrx_word' id='word_1_236' title='bbox 1277 1380 1484 1416; x_wconf 58' lang='lat' dir='ltr'>monitorum</span> <span class='ocrx_word' id='word_1_237' title='bbox 1518 1379 1679 1415; x_wconf 86' lang='lat' dir='ltr'>Minister</span> <span class='ocrx_word' id='word_1_238' title='bbox 1704 1380 1908 1416; x_wconf 82' lang='lat' dir='ltr'>Generalis.</span> <span class='ocrx_word' id='word_1_239' title='bbox 1944 1381 1975 1416; x_wconf 81' lang='lat' dir='ltr'>Is</span> <span class='ocrx_word' id='word_1_240' title='bbox 2003 1393 2042 1416; x_wconf 85' lang='lat' dir='ltr'>e-</span> 
     </span>
     <span class='ocr_line' id='line_1_50' title="bbox 1278 1429 2038 1476; baseline 0.004 -13"><span class='ocrx_word' id='word_1_241' title='bbox 1278 1431 1374 1470; x_wconf 85' lang='lat' dir='ltr'>nim,</span> <span class='ocrx_word' id='word_1_242' title='bbox 1401 1440 1578 1476; x_wconf 76' lang='lat' dir='ltr'>quotquot</span> <span class='ocrx_word' id='word_1_243' title='bbox 1608 1431 1748 1476; x_wconf 86' lang='lat' dir='ltr'>potuit,</span> <span class='ocrx_word' id='word_1_244' title='bbox 1786 1429 1912 1476; x_wconf 60' lang='lat' dir='ltr'>sigilla</span> <span class='ocrx_word' id='word_1_245' title='bbox 1939 1438 2038 1466; x_wconf 78' lang='lat' dir='ltr'>vete·</span> 
     </span>
     <span class='ocr_line' id='line_1_51' title="bbox 1277 1479 2041 1526; baseline 0.003 -12"><span class='ocrx_word' id='word_1_246' title='bbox 1277 1492 1352 1514; x_wconf 89' lang='lat' dir='ltr'>rum</span> <span class='ocrx_word' id='word_1_247' title='bbox 1391 1479 1586 1526; x_wconf 77' lang='lat' dir='ltr'>congeffit‚</span> <span class='ocrx_word' id='word_1_248' title='bbox 1627 1492 1695 1513; x_wconf 86' lang='lat' dir='ltr'>non</span> <span class='ocrx_word' id='word_1_249' title='bbox 1734 1479 1880 1526; x_wconf 77' lang='lat' dir='ltr'>indigna</span> <span class='ocrx_word' id='word_1_250' title='bbox 1916 1489 2041 1526; x_wconf 74' lang='lat' dir='ltr'>certe,</span> 
     </span>
     <span class='ocr_line' id='line_1_52' title="bbox 1275 1528 2041 1576; baseline 0.007 -14"><span class='ocrx_word' id='word_1_251' title='bbox 1275 1542 1365 1576; x_wconf 86' lang='lat' dir='ltr'>quae</span> <span class='ocrx_word' id='word_1_252' title='bbox 1392 1530 1469 1564; x_wconf 88' lang='lat' dir='ltr'>luce</span> <span class='ocrx_word' id='word_1_253' title='bbox 1497 1528 1675 1565; x_wconf 82' lang='lat' dir='ltr'>fruantur.</span> <span class='ocrx_word' id='word_1_254' title='bbox 1712 1532 1821 1565; x_wconf 80' lang='lat' dir='ltr'>Erant</span> <span class='ocrx_word' id='word_1_255' title='bbox 1856 1539 1972 1566; x_wconf 82' lang='lat' dir='ltr'>autem</span> <span class='ocrx_word' id='word_1_256' title='bbox 2002 1543 2041 1567; x_wconf 77' lang='lat' dir='ltr'>a·</span> 
     </span>
     <span class='ocr_line' id='line_1_53' title="bbox 1277 1579 2041 1629; baseline 0.004 -15"><span class='ocrx_word' id='word_1_257' title='bbox 1277 1580 1344 1628; x_wconf 91' lang='lat' dir='ltr'>pud</span> <span class='ocrx_word' id='word_1_258' title='bbox 1374 1579 1538 1625; x_wconf 87' lang='lat' dir='ltr'>antiquos</span> <span class='ocrx_word' id='word_1_259' title='bbox 1567 1580 1683 1615; x_wconf 84' lang='lat' dir='ltr'>variae</span> <span class='ocrx_word' id='word_1_260' title='bbox 1720 1579 1925 1629; x_wconf 71' lang='lat' dir='ltr'>Sigillorum</span> <span class='ocrx_word' id='word_1_261' title='bbox 1966 1580 2041 1628; x_wconf 87' lang='lat' dir='ltr'>spe-</span> 
     </span>
     <span class='ocr_line' id='line_1_54' title="bbox 1277 1629 2041 1678; baseline 0.003 -14"><span class='ocrx_word' id='word_1_262' title='bbox 1277 1629 1371 1665; x_wconf 84' lang='lat' dir='ltr'>cies:</span> <span class='ocrx_word' id='word_1_263' title='bbox 1412 1631 1501 1665; x_wconf 71' lang='lat' dir='ltr'>allae</span> <span class='ocrx_word' id='word_1_264' title='bbox 1540 1630 1574 1665; x_wconf 80' lang='lat' dir='ltr'>in</span> <span class='ocrx_word' id='word_1_265' title='bbox 1612 1630 1760 1677; x_wconf 80' lang='lat' dir='ltr'>gemmis</span> <span class='ocrx_word' id='word_1_266' title='bbox 1789 1629 1826 1665; x_wconf 89' lang='lat'>&amp;</span> <span class='ocrx_word' id='word_1_267' title='bbox 1858 1632 2041 1678; x_wconf 85' lang='lat' dir='ltr'>Annulis,</span> 
     </span>
     <span class='ocr_line' id='line_1_55' title="bbox 1278 1680 2040 1719; baseline 0.004 -4"><span class='ocrx_word' id='word_1_268' title='bbox 1278 1680 1366 1716; x_wconf 86' lang='lat' dir='ltr'>aliae</span> <span class='ocrx_word' id='word_1_269' title='bbox 1403 1680 1439 1715; x_wconf 88' lang='lat' dir='ltr'>in</span> <span class='ocrx_word' id='word_1_270' title='bbox 1478 1681 1621 1717; x_wconf 85' lang='lat' dir='ltr'>laminis</span> <span class='ocrx_word' id='word_1_271' title='bbox 1658 1695 1697 1717; x_wconf 89' lang='lat' dir='ltr'>ac</span> <span class='ocrx_word' id='word_1_272' title='bbox 1726 1681 1866 1717; x_wconf 78' lang='lat' dir='ltr'>tabellis</span> <span class='ocrx_word' id='word_1_273' title='bbox 1896 1681 2040 1719; x_wconf 78' lang='lat' dir='ltr'>aeneiS.</span> 
     </span>
     <span class='ocr_line' id='line_1_56' title="bbox 1281 1731 2040 1780; baseline 0.003 -14"><span class='ocrx_word' id='word_1_274' title='bbox 1281 1734 1387 1767; x_wconf 67' lang='lat' dir='ltr'>Erant</span> <span class='ocrx_word' id='word_1_275' title='bbox 1415 1745 1501 1780; x_wconf 87' lang='lat' dir='ltr'>quae</span> <span class='ocrx_word' id='word_1_276' title='bbox 1531 1733 1643 1768; x_wconf 85' lang='lat' dir='ltr'>literis</span> <span class='ocrx_word' id='word_1_277' title='bbox 1674 1732 1954 1780; x_wconf 82' lang='lat' dir='ltr'>prominentibus</span> <span class='ocrx_word' id='word_1_278' title='bbox 1988 1731 2040 1768; x_wconf 82' lang='lat' dir='ltr'>fa-</span> 
     </span>
     <span class='ocr_line' id='line_1_57' title="bbox 1280 1782 2041 1831; baseline 0.003 -14"><span class='ocrx_word' id='word_1_279' title='bbox 1280 1783 1412 1818; x_wconf 87' lang='lat' dir='ltr'>bricata</span> <span class='ocrx_word' id='word_1_280' title='bbox 1439 1792 1559 1821; x_wconf 85' lang='lat' dir='ltr'>erant.</span> <span class='ocrx_word' id='word_1_281' title='bbox 1597 1791 1636 1819; x_wconf 80' lang='lat' dir='ltr'>ut</span> <span class='ocrx_word' id='word_1_282' title='bbox 1673 1783 1710 1819; x_wconf 88' lang='lat' dir='ltr'>in</span> <span class='ocrx_word' id='word_1_283' title='bbox 1748 1782 1927 1831; x_wconf 82' lang='lat' dir='ltr'>superficie</span> <span class='ocrx_word' id='word_1_284' title='bbox 1956 1782 2041 1819; x_wconf 59' lang='lat' dir='ltr'>durss</span> 
     </span>
     <span class='ocr_line' id='line_1_58' title="bbox 1280 1832 2047 1879; baseline 0.001 -10"><span class='ocrx_word' id='word_1_285' title='bbox 1280 1832 1315 1869; x_wconf 87' lang='lat'>&amp;</span> <span class='ocrx_word' id='word_1_286' title='bbox 1347 1835 1447 1879; x_wconf 63' lang='lat' dir='ltr'>plana</span> <span class='ocrx_word' id='word_1_287' title='bbox 1476 1846 1601 1869; x_wconf 89' lang='lat' dir='ltr'>nomen</span> <span class='ocrx_word' id='word_1_288' title='bbox 1630 1834 1895 1877; x_wconf 80' lang='lat' dir='ltr'>imprimerent.</span> <span class='ocrx_word' id='word_1_289' title='bbox 1931 1835 2047 1872; x_wconf 71' lang='lat' dir='ltr'>Erant.</span> 
     </span>
     <span class='ocr_line' id='line_1_59' title="bbox 1280 1884 2043 1934; baseline -0.001 -14"><span class='ocrx_word' id='word_1_290' title='bbox 1280 1886 1311 1920; x_wconf 75' lang='lat'>8&lt;</span> <span class='ocrx_word' id='word_1_291' title='bbox 1342 1898 1429 1933; x_wconf 88' lang='lat' dir='ltr'>quae</span> <span class='ocrx_word' id='word_1_292' title='bbox 1457 1884 1493 1921; x_wconf 84' lang='lat' dir='ltr'>in</span> <span class='ocrx_word' id='word_1_293' title='bbox 1522 1899 1623 1929; x_wconf 78' lang='lat' dir='ltr'>aere,</span> <span class='ocrx_word' id='word_1_294' title='bbox 1653 1894 1820 1934; x_wconf 81' lang='lat' dir='ltr'>argento,</span> <span class='ocrx_word' id='word_1_295' title='bbox 1847 1897 1954 1923; x_wconf 89' lang='lat' dir='ltr'>auro,</span> <span class='ocrx_word' id='word_1_296' title='bbox 1982 1891 2043 1919; x_wconf 73' lang='lat' dir='ltr'>au&#39;t</span> 
     </span>
     <span class='ocr_line' id='line_1_60' title="bbox 1281 1936 2042 1985; baseline 0 -15"><span class='ocrx_word' id='word_1_297' title='bbox 1281 1937 1429 1985; x_wconf 82' lang='lat' dir='ltr'>gemmis</span> <span class='ocrx_word' id='word_1_298' title='bbox 1471 1936 1591 1972; x_wconf 83' lang='lat' dir='ltr'>literas</span> <span class='ocrx_word' id='word_1_299' title='bbox 1629 1945 1814 1972; x_wconf 81' lang='lat' dir='ltr'>excavatas</span> <span class='ocrx_word' id='word_1_300' title='bbox 1851 1937 2042 1984; x_wconf 77' lang='lat' dir='ltr'>gerebant.</span> 
     </span>
     <span class='ocr_line' id='line_1_61' title="bbox 1282 1985 2039 2030; baseline -0.003 -9"><span class='ocrx_word' id='word_1_301' title='bbox 1282 1997 1320 2021; x_wconf 90' lang='lat' dir='ltr'>ut</span> <span class='ocrx_word' id='word_1_302' title='bbox 1348 1985 1383 2022; x_wconf 90' lang='lat' dir='ltr'>in</span> <span class='ocrx_word' id='word_1_303' title='bbox 1413 2000 1525 2022; x_wconf 82' lang='lat' dir='ltr'>ceram</span> <span class='ocrx_word' id='word_1_304' title='bbox 1544 2015 1554 2028; x_wconf 78' lang='lat'><strong>.</strong></span> <span class='ocrx_word' id='word_1_305' title='bbox 1584 1996 1708 2023; x_wconf 86' lang='lat' dir='ltr'>terram</span> <span class='ocrx_word' id='word_1_306' title='bbox 1727 2015 1737 2030; x_wconf 87' lang='lat'><strong>‚</strong></span> <span class='ocrx_word' id='word_1_307' title='bbox 1768 1986 1920 2022; x_wconf 83' lang='lat' dir='ltr'>aliamve</span> <span class='ocrx_word' id='word_1_308' title='bbox 1948 1986 2039 2021; x_wconf 80' lang='lat' dir='ltr'>mol·-</span> 
     </span>
     <span class='ocr_line' id='line_1_62' title="bbox 1281 2037 2042 2082; baseline 0.001 -10"><span class='ocrx_word' id='word_1_309' title='bbox 1281 2039 1350 2072; x_wconf 89' lang='lat' dir='ltr'>lem</span> <span class='ocrx_word' id='word_1_310' title='bbox 1394 2051 1432 2072; x_wconf 87' lang='lat' dir='ltr'>ac</span> <span class='ocrx_word' id='word_1_311' title='bbox 1475 2037 1653 2074; x_wconf 77' lang='lat' dir='ltr'>cedentem</span> <span class='ocrx_word' id='word_1_312' title='bbox 1693 2038 1899 2081; x_wconf 74' lang='lat' dir='ltr'>materiem,</span> <span class='ocrx_word' id='word_1_313' title='bbox 1936 2042 2042 2082; x_wconf 75' lang='lat' dir='ltr'>prout</span> 
     </span>
     <span class='ocr_line' id='line_1_63' title="bbox 1281 2086 2040 2136; baseline -0.004 -12"><span class='ocrx_word' id='word_1_314' title='bbox 1281 2088 1414 2125; x_wconf 81' lang='lat' dir='ltr'>occafio</span> <span class='ocrx_word' id='word_1_315' title='bbox 1434 2087 1585 2124; x_wconf 83' lang='lat' dir='ltr'>ferebat.</span> <span class='ocrx_word' id='word_1_316' title='bbox 1612 2088 1878 2136; x_wconf 77' lang='lat' dir='ltr'>inscriptionem</span> <span class='ocrx_word' id='word_1_317' title='bbox 1902 2086 2040 2121; x_wconf 87' lang='lat' dir='ltr'>immit-</span> 
     </span>
     <span class='ocr_line' id='line_1_64' title="bbox 1282 2137 2039 2184; baseline -0.007 -9"><span class='ocrx_word' id='word_1_318' title='bbox 1282 2149 1421 2175; x_wconf 78' lang='lat' dir='ltr'>terent.</span> <span class='ocrx_word' id='word_1_319' title='bbox 1460 2142 1596 2175; x_wconf 82' lang='lat' dir='ltr'>Horum</span> <span class='ocrx_word' id='word_1_320' title='bbox 1635 2139 1794 2174; x_wconf 82' lang='lat' dir='ltr'>exemola</span> <span class='ocrx_word' id='word_1_321' title='bbox 1833 2137 1907 2172; x_wconf 82' lang='lat' dir='ltr'>vidi</span> <span class='ocrx_word' id='word_1_322' title='bbox 1944 2147 2039 2184; x_wconf 77' lang='lat' dir='ltr'>eg03</span> 
     </span>
     <span class='ocr_line' id='line_1_65' title="bbox 1284 2186 2042 2233; baseline 0 -11"><span class='ocrx_word' id='word_1_323' title='bbox 1284 2190 1419 2225; x_wconf 86' lang='lat' dir='ltr'>videbis</span> <span class='ocrx_word' id='word_1_324' title='bbox 1449 2189 1486 2224; x_wconf 77' lang='grc' dir='ltr'>ἃ</span> <span class='ocrx_word' id='word_1_325' title='bbox 1517 2198 1554 2223; x_wconf 82' lang='lat' dir='ltr'>tu</span> <span class='ocrx_word' id='word_1_326' title='bbox 1591 2189 1629 2224; x_wconf 90' lang='lat' dir='ltr'>in</span> <span class='ocrx_word' id='word_1_327' title='bbox 1666 2187 1943 2233; x_wconf 81' lang='lat' dir='ltr'>antiquariorum</span> <span class='ocrx_word' id='word_1_328' title='bbox 1976 2186 2042 2222; x_wconf 87' lang='lat' dir='ltr'>Ci-</span> 
     </span>
     <span class='ocr_line' id='line_1_66' title="bbox 1283 2236 2041 2284; baseline -0.003 -9"><span class='ocrx_word' id='word_1_329' title='bbox 1283 2239 1420 2275; x_wconf 71' lang='lat' dir='ltr'>meliis.</span> <span class='ocrx_word' id='word_1_330' title='bbox 1451 2241 1547 2274; x_wconf 76' lang='lat' dir='ltr'>Haec</span> <span class='ocrx_word' id='word_1_331' title='bbox 1575 2251 1680 2277; x_wconf 77' lang='lat' dir='ltr'>nauca</span> <span class='ocrx_word' id='word_1_332' title='bbox 1709 2237 1851 2273; x_wconf 82' lang='lat' dir='ltr'>interim</span> <span class='ocrx_word' id='word_1_333' title='bbox 1882 2236 2041 2284; x_wconf 79' lang='lat' dir='ltr'>profero.</span> 
     </span>
    </p>

    <p class='ocr_par' dir='ltr' id='par_1_15' title="bbox 1279 2287 2041 2594">
     <span class='ocr_line' id='line_1_67' title="bbox 1328 2287 2041 2337; baseline -0.001 -13"><span class='ocrx_word' id='word_1_334' title='bbox 1328 2290 1483 2324; x_wconf 76' lang='lat' dir='ltr'>Primum</span> <span class='ocrx_word' id='word_1_335' title='bbox 1502 2288 1664 2337; x_wconf 86' lang='lat' dir='ltr'>Sigillum</span> <span class='ocrx_word' id='word_1_336' title='bbox 1677 2301 1819 2324; x_wconf 83' lang='lat' dir='ltr'>aeneum</span> <span class='ocrx_word' id='word_1_337' title='bbox 1838 2287 1927 2337; x_wconf 87' lang='lat' dir='ltr'>apud</span> <span class='ocrx_word' id='word_1_338' title='bbox 1945 2301 2041 2334; x_wconf 82' lang='lat' dir='ltr'>prae-</span> 
     </span>
     <span class='ocr_line' id='line_1_68' title="bbox 1282 2337 2041 2384; baseline -0.004 -8"><span class='ocrx_word' id='word_1_339' title='bbox 1282 2340 1460 2376; x_wconf 87' lang='lat' dir='ltr'>laudatum</span> <span class='ocrx_word' id='word_1_340' title='bbox 1489 2338 1664 2375; x_wconf 70' lang='lat' dir='ltr'>Abbavem</span> <span class='ocrx_word' id='word_1_341' title='bbox 1689 2337 1865 2374; x_wconf 83' lang='lat' dir='ltr'>Varefium</span> <span class='ocrx_word' id='word_1_342' title='bbox 1895 2338 2041 2384; x_wconf 72' lang='lat' dir='ltr'>visitur,</span> 
     </span>
     <span class='ocr_line' id='line_1_69' title="bbox 1281 2388 2040 2439; baseline -0.001 -13"><span class='ocrx_word' id='word_1_343' title='bbox 1281 2390 1492 2426; x_wconf 68' lang='lat' dir='ltr'>charasteres</span> <span class='ocrx_word' id='word_1_344' title='bbox 1538 2389 1774 2439; x_wconf 82' lang='lat' dir='ltr'>prominentes</span> <span class='ocrx_word' id='word_1_345' title='bbox 1816 2388 2040 2438; x_wconf 80' lang='lat' dir='ltr'>praeferens,</span> 
     </span>
     <span class='ocr_line' id='line_1_70' title="bbox 1279 2437 2041 2478; baseline -0.001 -2"><span class='ocrx_word' id='word_1_346' title='bbox 1279 2442 1314 2476; x_wconf 69' lang='grc' dir='ltr'>ὃς</span> <span class='ocrx_word' id='word_1_347' title='bbox 1343 2440 1404 2477; x_wconf 90' lang='lat' dir='ltr'>suo</span> <span class='ocrx_word' id='word_1_348' title='bbox 1443 2441 1629 2478; x_wconf 81' lang='lat' dir='ltr'>manubrio</span> <span class='ocrx_word' id='word_1_349' title='bbox 1665 2441 1775 2477; x_wconf 84' lang='lat' dir='ltr'>adhuc</span> <span class='ocrx_word' id='word_1_350' title='bbox 1812 2437 2041 2476; x_wconf 62' lang='lat' dir='ltr'>instruflum.</span> 
     </span>
     <span class='ocr_line' id='line_1_71' title="bbox 1280 2490 2040 2535; baseline -0.005 -7"><span class='ocrx_word' id='word_1_351' title='bbox 1280 2490 1338 2528; x_wconf 80' lang='lat' dir='ltr'>Ad</span> <span class='ocrx_word' id='word_1_352' title='bbox 1366 2492 1461 2528; x_wconf 87' lang='lat' dir='ltr'>usum</span> <span class='ocrx_word' id='word_1_353' title='bbox 1492 2491 1559 2528; x_wconf 85' lang='lat' dir='ltr'>fuit</span> <span class='ocrx_word' id='word_1_354' title='bbox 1590 2493 1695 2527; x_wconf 74' lang='lat' dir='ltr'>Publii</span> <span class='ocrx_word' id='word_1_355' title='bbox 1721 2492 1860 2527; x_wconf 71' lang='lat' dir='ltr'>cornelii</span> <span class='ocrx_word' id='word_1_356' title='bbox 1882 2490 2040 2535; x_wconf 52' lang='lat' dir='ltr'>ulcerari,</span> 
     </span>
     <span class='ocr_line' id='line_1_72' title="bbox 1280 2541 1900 2594; baseline -0.002 -15"><span class='ocrx_word' id='word_1_357' title='bbox 1280 2541 1335 2580; x_wconf 83' lang='lat' dir='ltr'>uti</span> <span class='ocrx_word' id='word_1_358' title='bbox 1362 2556 1406 2581; x_wconf 86' lang='lat' dir='ltr'>ex</span> <span class='ocrx_word' id='word_1_359' title='bbox 1433 2546 1506 2594; x_wconf 74' lang='lat' dir='ltr'>ejus</span> <span class='ocrx_word' id='word_1_360' title='bbox 1532 2543 1671 2594; x_wconf 66' lang='lat' dir='ltr'>aspeEiu</span> <span class='ocrx_word' id='word_1_361' title='bbox 1698 2543 1900 2594; x_wconf 85' lang='lat' dir='ltr'>intelliges.</span> 
     </span>
    </p>

    <p class='ocr_par' dir='ltr' id='par_1_16' title="bbox 1857 2595 1989 2629">
     <span class='ocr_line' id='line_1_73' title="bbox 1857 2595 1989 2629; baseline -0.008 0"><span class='ocrx_word' id='word_1_362' title='bbox 1857 2595 1989 2629; x_wconf 77' lang='lat' dir='ltr'>Secun-</span> 
     </span>
    </p>
   </div>
  </div>
 </body>
</html>
