2232 3089
484 180 567 223 339
837 167 1209 226 ANTIQUIT.
1240 171 1459 215 MEDII
1483 175 1645 220 AEVI
1914 198 1996 240 340

420 223 510 260 nobis
539 226 593 261 vel
625 226 708 270 sacri
736 227 931 270 Monafterio
955 230 1069 264 Sanfli
1098 233 1182 265 Bar-

419 276 563 311 tholomei
574 278 803 322 advenerunt,
823 277 870 318 (ῥ’
896 292 1008 326 augere
1034 279 1127 314 vobis
1148 281 1182 315 in

417 340 476 361 ane
499 329 647 364 Precaria
673 329 736 371 visi
756 330 867 374 sumus
892 330 951 371 isla
977 330 1116 371 Ecclesia
1140 332 1183 366 Θ

416 389 464 411 res
491 379 608 414 Sanc‘le
637 380 745 414 Marie
770 390 844 415 ante
868 380 985 427 positas
995 406 1087 416 .....
1116 395 1183 417 cum

416 429 591 465 Curticella
615 429 661 469 &⁴
688 441 750 465 orto
770 430 851 474 suo,
876 432 957 477 quod
982 432 1091 466 exinde
1117 435 1181 466 Be-

418 479 538 516 nedic‘ii
562 481 609 521 &⁶
636 482 803 526 Teusperte
829 481 949 517 ancilla
976 482 1039 518 Dei
1066 482 1100 517 in
1128 483 1180 518 be-

417 530 562 578 neficium
588 532 684 569 dedi.

469 589 558 623 Nam
586 585 727 622 omnibus
754 585 831 621 aliis
859 587 947 620 rebus
974 585 1020 625 &¹
1048 586 1181 632 edificiis

419 637 484 681 ease
510 638 555 673 ad
590 636 649 681 ista
679 635 818 677 Ecclesia
852 637 1104 684 pertinentibus,
1136 637 1182 680 si-

418 687 539 723 militer
557 685 602 726 (9‘
631 686 699 733 ipsa
723 687 883 733 Ecclesia,
908 689 960 723 bec
988 689 1094 723 omnia
1117 702 1183 723 cum
1227 684 1256 719 Β

415 737 569 786 predifiis
597 739 707 781 rebus,
735 750 815 785 quas
842 750 878 774 tu
908 739 997 774 nobis
1025 741 1080 774 vel
1107 742 1182 774 Mo-

418 788 548 830 nasterii
569 788 663 832 nostri
682 790 846 832 decrevisti
867 791 900 825 in
921 791 1099 839 integrum,
1120 804 1183 825 om-

419 840 511 874 nibus
546 840 594 874 his
623 838 717 875 vobis
743 841 893 885 Rasuxus
925 843 971 881 &
999 843 1185 888 Lamprand

417 888 593 925 Presbiteri
611 917 622 934 ‚
654 890 713 934 sub
749 905 817 926 eam
852 892 1003 932 videlicet
1033 893 1185 928 rationem

419 940 565 984 tradidi,
601 950 637 974 ut
672 942 748 975 dum
783 951 818 975 tu
848 943 998 985 Rasuxus
1028 943 1185 977 Presbiter

419 990 562 1033 vixeris,
599 990 740 1026 omnibus
771 992 838 1035 istis
867 992 978 1032 rebus,
1007 993 1120 1039 quibus
1149 1004 1185 1028 tu

420 1041 508 1075 nobis
544 1041 655 1077 habere
679 1043 865 1087 decrevisti,
903 1044 937 1079 in
967 1053 1023 1078 tua
1057 1044 1185 1090 propria

413 1091 460 1133 sit
494 1092 673 1135 potestatem
709 1094 911 1139 habendum,
950 1094 1183 1133 laborandum,

419 1152 514 1189 atque
540 1143 842 1187 usufrufiuandum,
871 1145 916 1183 ό*
944 1145 1055 1180 cunila
1083 1145 1184 1179 movi-

419 1194 468 1228 lia
493 1194 656 1237 dandum,
684 1209 740 1230 aut
768 1195 1000 1241 judicandum,
1027 1196 1076 1240 seo
1099 1196 1184 1239 foras

420 1257 459 1278 ex
486 1243 560 1289 ipsis
588 1244 664 1285 casis
699 1247 753 1279 vel
788 1248 877 1281 rebus
912 1248 1100 1281 tuendum.
1137 1248 1185 1280 Et

415 1293 631 1341 suprascripta
660 1295 797 1336 Ecclesia
832 1297 946 1330 Sane‘ie
974 1297 1083 1330 Mari'e
1117 1309 1184 1329 cum

422 1344 565 1377 omnibus
595 1346 682 1378 rebus
717 1347 760 1379 ad
795 1360 862 1381 eam
895 1346 1069 1392 pertinente
1097 1348 1186 1383 abere

420 1393 559 1428 debeatis
595 1405 632 1428 tu
659 1394 807 1437 Rasuxus
835 1397 993 1432 Presbiter
1027 1411 1092 1433 una
1119 1411 1185 1432 cum

422 1446 612 1491 Lamprand
639 1445 819 1489 Presbiter,
847 1449 922 1482 dum
948 1450 1036 1483 ambo
1062 1448 1183 1482 vixeri-

421 1494 465 1528 tis
485 1518 496 1534 ‚
533 1495 733 1530 communiter
768 1497 971 1540 babendum,
1004 1500 1184 1541 gubernan-

421 1546 519 1589 dum,
543 1556 637 1594 atque
663 1548 751 1581 rebus
778 1547 852 1593 ipsis
878 1548 1183 1592 usufruafz‘uandum‚

423 1594 470 1634 ό*
491 1596 575 1637 sicut
599 1597 699 1642 supra
726 1598 863 1644 legitur,
901 1597 1068 1634 mobilibus
1095 1599 1183 1633 rebus

419 1657 478 1694 pro
502 1646 671 1684 animabus
698 1648 810 1690 vestris
836 1650 977 1684 dandum
1003 1650 1059 1684 vel
1091 1647 1184 1693 judi-

420 1698 555 1733 candum
565 1712 586 1741 ‚·
621 1699 664 1732 (9⁴
690 1698 837 1746 quicquid
864 1700 973 1734 exinde
999 1699 1094 1735 alteri
1131 1700 1182 1733 ho-

421 1748 504 1782 mini
530 1748 730 1785 Libellario
754 1750 920 1794 nomine,
944 1751 998 1785 vel
1024 1749 1066 1785 ad
1090 1752 1182 1786 Cen—

423 1797 496 1833 sum
525 1798 737 1835 reddendum
765 1801 876 1834 datum
904 1801 1016 1836 habere
1040 1813 1103 1835 vox
1124 1799 1183 1845 ju-

422 1859 478 1883 xta
505 1848 601 1894 ipsius
622 1849 737 1896 scripti
768 1850 921 1897 paginam
947 1851 1066 1896 censum
1092 1851 1178 1885 exin-

421 1899 461 1933 de
485 1899 622 1945 pleniter
642 1899 762 1946 exigere
785 1901 828 1935 (9⁶
848 1901 1001 1949 suscipere
1022 1901 1182 1942 debeatis,

415 1948 499 1990 ficut
519 1963 574 1995 ego
597 1950 718 1995 exigere
737 1961 793 1985 aut
816 1951 966 2000 suscipere
988 1952 1104 1997 debui,
1131 1953 1181 1986 ni—

414 1998 449 2040 si
466 2001 591 2034 tantiam
606 1999 757 2047 siligine,
776 2002 897 2046 favas,
918 2003 965 2042 ὅ]
984 2003 1082 2047 vino,
1104 2005 1183 2050 quod

421 2050 580 2085 Dominus
602 2049 696 2085 vobis
717 2062 773 2096 per
791 2052 937 2096 singulos
955 2067 1054 2090 annos
1072 2057 1111 2089 de
1125 2054 1183 2098 su-

419 2100 604 2147 prascriptis
629 2102 719 2135 rebus
743 2103 882 2149 prediffie
908 2105 1042 2146 Ecelesie
1067 2104 1183 2140 Sanfie

423 2150 534 2185 Marie
559 2151 706 2194 dederit,
740 2154 867 2188 reddere
891 2155 1035 2191 deveatis
1061 2155 1155 2190 michi
1171 2181 1182 2198 ‚

423 2202 478 2248 qui
491 2202 590 2245 supra
609 2203 813 2249 Gausprandi
830 2206 958 2240 Abbati
977 2206 1032 2240 vel
1050 2209 1094 2241 ad
1110 2205 1182 2250 suc-

422 2251 580 2297 sessoribus
605 2252 680 2286 meis
706 2255 831 2289 tertiam
861 2257 1031 2302 portionem
1057 2271 1093 2291 ex
1118 2269 1182 2292 om-

424 2300 518 2337 nibus
534 2329 545 2347 ‚
572 2303 616 2337 Θ·
642 2302 701 2345 ista
727 2305 910 2347 elemosina,
938 2307 985 2345 &²
1011 2305 1183 2351 Mtffarum

419 2354 567 2397 pah....
593 2354 648 2388 vel
674 2356 895 2400 canationum,
922 2369 980 2403 que
1007 2357 1102 2392 michi
1129 2358 1183 2391 vel

418 2402 614 2448 successorum
649 2417 780 2440 meorum
811 2407 916 2450 facere
950 2406 1112 2449 decrevisti
1147 2416 1183 2441 tu

425 2454 575 2498 Rasuxus
601 2455 759 2490 Presbiter
785 2467 841 2502 pro
868 2458 956 2492 rebus
982 2457 1075 2497 illis,
1101 2459 1183 2504 quod

425 2515 462 2540 tu
487 2506 574 2542 nobis
601 2506 715 2550 dedisti
729 2530 740 2548 ‚
767 2508 842 2545 dum
870 2518 926 2544 tua
955 2507 1054 2553 suerit
1079 2511 1152 2545 vita
1169 2532 1181 2551 ‚

1208 231 1252 267 'A
1294 242 1351 279 per
1375 234 1570 280 temetipsum
1593 251 1630 271 ex
1656 237 1731 284 ipsis
1756 241 1844 275 rebus
1865 242 1968 286 faeere
1986 244 2059 286 flu-

1296 284 1370 321 deas
1386 311 1396 328 ‚
1424 285 1466 319 (9‘
1493 300 1546 321 nos
1576 288 1687 322 exinde
1721 289 1810 324 inde'
1831 292 1865 326 in
1891 294 1965 329 vita
2000 304 2057 329 tua

1293 344 1529 380 permaneamus
1547 339 1699 383 absoluti.
1728 343 1814 374 Nam
1836 343 1901 386 post
1919 345 2056 386 vestrum

1296 384 1441 431 deceffum
1467 388 1576 423 taliter
1611 391 1735 425 omnino
1763 395 1932 428 deveamus
1967 394 2057 429 exin-

1296 436 1335 469 de
1363 436 1508 483 perficere
1530 466 1541 482 ‚
1572 439 1654 481 sicut
1688 452 1723 476 tu
1756 453 1813 488 per
1842 443 2058 491 ficprascripta

1296 488 1418 522 cartula
1440 489 1619 532 decrevisti.
1645 494 1692 526 Et
1712 492 1743 534 si
1767 497 1954 538 Lamprand
1977 498 2055 530 Pre-

1277 537 1392 571 *sbiter
1414 548 1487 572 ante
1511 540 1642 585 obierit,
1670 553 1742 578 tunc
1766 545 1903 586 Ecclesia
1928 547 1971 580 Θ
1989 559 2055 580 om-

1297 585 1391 621 nibus
1415 587 1505 623 rebus
1525 590 1668 636 superius
1689 593 1818 637 seriptis
1841 595 1875 629 in
1900 606 1979 639 tua,
2002 596 2057 642 qui

1289 636 1389 684 supra
1424 649 1460 673 tu
1496 640 1644 683 Rasuxus
1679 643 1861 683 Presbiter,
1898 657 2056 680 remaneat

1293 688 1499 733 potestatem,
1531 690 1592 735 sub
1628 705 1695 726 eam
1721 693 1870 728 videlicet
1905 696 2056 730 rationem

1297 737 1343 778 &³
1369 740 1528 774 redditum
1555 741 1640 776 nobis
1671 743 1874 785 faciendum,
1896 745 1978 786 ficut
2000 746 2056 791 scs-

1293 799 1353 835 pra
1379 790 1515 836 legitur.
1554 794 1600 825 Et
1629 791 1661 832 si
1687 802 1722 826 tu
1757 804 1831 827 ante
1867 795 1932 838 ipso
1958 800 2058 831 Lam-

1294 841 1400 883 prand
1423 838 1600 885 decesseris,
1637 843 1794 878 Presbiter
1815 843 1966 885 similiter
1994 847 2057 892 ipse

1297 893 1482 937 Lamprand
1516 892 1625 927 diebus
1660 894 1729 928 vite
1757 894 1814 938 sue
1840 895 1979 937 Ecclesia
2009 896 2055 934 ψ’·

1295 942 1436 977 omnibus
1461 940 1552 977 rebus
1587 943 1661 989 ipsis
1693 945 1808 979 deveat
1844 947 1980 990 habere,
2008 946 2056 985 (ῥ’

1297 992 1383 1027 nobis
1411 993 1543 1037 Censum
1574 994 1720 1034 reddere,
1751 994 1833 1036 sicut
1859 998 1948 1032 ambo
1969 997 2059 1041 sace-

1296 1054 1326 1076 re
1351 1042 1520 1084 debuistis.
1550 1046 1637 1077 Nam
1663 1045 1730 1090 post
1755 1048 1913 1080 amborum
1939 1049 2057 1089 vestro-

1295 1105 1363 1126 rum
1383 1092 1661 1138 suprascriptorum
1687 1093 1832 1140 deceffum
1849 1123 1859 1138 ‚
1889 1097 2027 1138 Ecclesia
2043 1125 2054 1141 ‚

1295 1141 1394 1184 casis,
1432 1143 1475 1175 (Ὺ
1509 1144 1598 1177 rebus
1627 1143 1770 1180 omnibus
1806 1146 1880 1191 ipsis
1909 1147 2056 1193 superius

1296 1192 1531 1239 circumscriptis
1555 1193 1649 1228 michi
1671 1195 1726 1241 qui
1746 1195 1844 1242 supra
1863 1198 2056 1241 Gausprand

1296 1243 1424 1278 Abbati
1442 1244 1497 1278 vel
1514 1244 1559 1279 ad
1576 1243 1756 1290 Succefflrres
1776 1260 1855 1280 meos
1874 1250 1961 1291 apud
1979 1260 2057 1294 par-

1296 1304 1326 1327 te
1350 1293 1419 1334 jam
1442 1293 1507 1337 sati
1534 1294 1722 1336 Monasierii
1748 1295 1863 1330 sancii
1890 1299 2058 1332 Bartholo-

1297 1345 1377 1384 mei,
1405 1344 1494 1390 cujus
1519 1345 1692 1392 proprietas
1719 1346 1781 1388 est,
1813 1344 1880 1387 fine
1910 1348 1977 1382 ulla
2006 1348 2060 1383 di-

1298 1395 1470 1429 minutione
1496 1407 1715 1435 revertantur,
1745 1406 1864 1442 excepto
1889 1400 1928 1432 de
1954 1399 2057 1433 movi-

1297 1445 1382 1479 libus
1402 1444 1489 1488 fiat,
1513 1445 1595 1487 sicut
1618 1446 1758 1489 superius
1786 1447 1922 1492 legitur.
1959 1451 2006 1483 Et
2027 1449 2059 1490 si

1297 1496 1464 1543 adimpleti
1489 1509 1545 1531 vos
1576 1496 1705 1540 fueritis
1740 1497 1827 1542 parti
1854 1497 1950 1540 nostre
1966 1525 1977 1542 ,
2004 1501 2060 1533 vel

1297 1547 1340 1580 ad
1374 1557 1464 1592 parte
1493 1547 1702 1592 suprascripti
1736 1547 1925 1589 Monasterii
1963 1549 2059 1592 nostri

1297 1597 1420 1630 omnino
1442 1596 1579 1642 qualiter
1599 1596 1742 1642 superius
1769 1598 1905 1644 legitur,
1931 1600 1974 1633 (9¹
2000 1613 2060 1634 vo-

1298 1645 1348 1681 bis
1382 1647 1519 1692 amplius
1549 1646 1797 1693 superimponere
1835 1650 2057 1696 presumpseri-

1299 1710 1366 1731 mus
1392 1710 1445 1743 ego
1471 1697 1661 1744 Gausprand
1687 1699 1802 1733 Abbas
1828 1700 1882 1733 vel
1914 1698 2058 1745 succeffo-

1272 1745 1345 1782 'res
1371 1761 1470 1787 meos,
1497 1758 1553 1783 aut
1579 1762 1616 1782 ex
1641 1762 1676 1783 ea
1693 1775 1702 1791 ,
1731 1762 1787 1795 que
1822 1750 1962 1795 superius
1988 1751 2058 1792 sla-

1298 1799 1348 1833 tui
1362 1825 1372 1841 ‚
1400 1799 1443 1832 &
1468 1798 1569 1833 circha
1595 1812 1651 1833 vos
1678 1800 1779 1841 nostra
1809 1799 1908 1843 suerit
1934 1804 1979 1835 ad
2004 1803 2059 1836 ob-

1292 1849 1487 1893 servandum
1513 1849 1603 1883 vobis
1630 1849 1664 1882 in
1696 1850 1803 1895 aliquo
1839 1851 1942 1884 minus
1968 1851 2059 1885 exin-

1298 1902 1337 1933 de
1368 1899 1550 1943 fecerimus,
1587 1909 1644 1934 aut
1680 1899 1715 1933 in
1742 1899 1815 1934 vita
1841 1900 1944 1943 vestra
1970 1900 2061 1937 rebus

1300 1949 1373 1996 ipsis
1401 1951 1489 1985 vobis
1517 1949 1658 1984 minuare
1687 1959 1744 1985 aut
1780 1952 1918 1985 retollere
1943 1951 2060 1999 quesie-

1299 2001 1397 2034 rimus
1409 2027 1419 2044 ,
1439 2011 1512 2038 tunc
1530 2011 1702 2048 componere
1719 2000 1884 2037 debeamus
1902 2016 1955 2049 ego
1969 2005 2058 2039 Gau-

1295 2051 1419 2097 sprand
1443 2052 1559 2087 Abbas
1585 2051 1640 2086 vel
1661 2050 1834 2096 successores
1863 2065 1940 2086 meos
1965 2051 2056 2085 vobis

1294 2101 1516 2149 suprascriptis
1534 2102 1684 2145 Rasuxus
1704 2103 1746 2135 ἔθ’
1765 2101 1961 2145 Lamprandi
1978 2103 2058 2135 Pre-

1299 2152 1417 2199 sbyteri
1430 2175 1441 2191 ‚
1476 2152 1532 2185 vel
1559 2151 1610 2186 eui
1637 2151 1707 2194 ipsa
1734 2151 1868 2185 movilia
1901 2161 1957 2194 pro
1982 2151 2058 2185 ani-

1299 2203 1408 2238 mabus
1443 2200 1555 2243 veslris
1583 2200 1810 2245 judicaveritis
1845 2210 1902 2234 aut
1933 2201 2058 2235 dederi-

1298 2254 1364 2292 tis,
1387 2262 1464 2299 pene
1484 2250 1606 2285 nomine
1631 2261 1758 2296 argento
1778 2251 1896 2296 solidos
1916 2253 1977 2286 duo
1998 2251 2057 2287 mi·

1298 2302 1366 2338 lia.
1401 2304 1488 2337 Nam
1521 2300 1587 2347 poll
1620 2304 1779 2336 amborum
1808 2302 1976 2344 vestrorum
2002 2305 2059 2337 de-

1298 2351 1405 2399 ceffum
1432 2350 1595 2392 Ecclesia,
1630 2352 1733 2397 casis,
1769 2354 1810 2387 (9
1838 2353 1928 2388 rebus
1954 2353 2029 2400 ipsis
2045 2379 2058 2398 ,

1293 2402 1375 2446 sicut
1395 2402 1539 2449 superius
1563 2403 1684 2438 dicium
1711 2403 1772 2444 esi,
1798 2404 1889 2438 vobis
1915 2417 1946 2437 re
1963 2431 1971 2439 .
1988 2430 1996 2439 .
2016 2429 2026 2439 .
2044 2429 2055 2439 .

1300 2455 1343 2489 Θ·
1372 2453 1582 2501 suprafiripta
1616 2453 1778 2494 elemosina
1813 2453 1859 2492 &¹
1887 2453 2055 2500 Miffarum

1294 2505 1468 2552 solemnia,
1487 2504 1572 2548 sicut
1596 2516 1632 2542 tu
1651 2505 1801 2550 Rasuxus
1819 2506 1975 2545 Presbiter
1999 2505 2057 2538 de-

1942 2565 2006 2590 cre-2
