2232 3089
482 189 566 241 485

816 184 1245 230 ,HISTORJAE
1284 184 1660 228 ROMANAE

1914 190 2001 245 486

419 245 493 282 allo
522 243 755 282 ienuocchio.
784 246 824 281 In
852 258 991 294 gamme
1020 254 1181 293 portava-
1229 246 1258 278 A
1296 249 1338 278 ad
1360 257 1466 291 genua
1492 247 1710 280 tantummodo
1744 246 1923 292 extensum,
1959 245 2059 283 eruri-

418 308 467 331 no
508 296 603 332 caize
645 295 686 332 de
724 296 875 332 bianco.
926 298 979 331 De
1017 295 1115 342 sopra
1151 295 1184 330 le

420 345 517 383 caize
559 355 755 395 portavano
791 345 970 382 caizaroni
1006 345 1049 380 de
1085 359 1180 381 cora-

419 410 503 440 me,
532 397 604 433 fino
631 411 650 433 a
679 398 811 433 miezza
838 409 998 444 gamma.
1029 397 1068 431 In
1097 409 1183 444 capo

418 458 616 498 portavano
643 461 710 483 una
738 447 959 494 cappellazza
986 446 1028 482 de
1068 460 1182 494 panno

418 500 463 538 de
499 500 578 535 lana
615 498 740 536 biada‚
780 510 822 532 ne
859 498 894 532 la
931 498 1033 543 quale
1069 497 1111 533 da
1148 498 1182 544 lg

419 549 537 586 fronte
565 557 758 597 portavano
785 561 859 584 uno
888 550 974 583 [Hs.
1006 550 1057 584 La
1085 558 1180 596 parte

419 600 463 635 de
504 600 602 647 sopra
641 612 697 634 era
741 599 889 642 manca,
931 600 965 635 la
1008 608 1104 647 parte
1145 598 1180 634 di

420 650 538 686 miezo
564 662 622 684 era
649 648 778 686 roscia.
810 651 848 684 In
878 649 991 697 pietto
1021 659 1177 697 pot-tava-

420 712 468 736 no
495 712 569 735 una·
602 701 785 736 Palomma
826 700 971 744 manca,
1008 701 1042 737 la
1080 701 1181 746 quale

420 758 548 786 teneva
575 750 612 786 in
642 763 749 786 vocca
790 764 860 787 uno
889 763 987 786 ramo
1015 751 1056 788 de
1081 750 1181 786 oliva

420 801 461 838 in
489 801 608 850 segnio
633 801 676 837 de
703 814 805 851 pace.
841 804 897 838 Ne
924 803 957 838 la
986 814 1090 838 mano
1117 801 1177 837 rit-

420 861 459 891 ta
500 858 696 898 p'ortavano
738 853 775 888 lo
818 853 1002 889 Bon-done.

423 915 547 940 manca
588 903 617 939 li
658 903 868 939 Paternostri
894 929 904 939 .
944 903 1026 942 Con
1069 902 1182 950 queffa

422 954 520 990 iente
565 956 630 988 Fra
672 955 871 988 Venturino
917 953 1083 989 descenne
1124 965 1182 1000 per

423 1003 654 1040 Lommardia
682 1004 912 1050 predicanno.
942 1002 1061 1038 Moita
1089 1003 1183 1038 iente

424 1055 462 1090 lo
491 1054 613 1102 segue.
643 1056 765 1089 Venne
803 1053 839 1090 in
870 1054 1062 1089 Fiorenza.
1102 1055 1183 1088 fio-

424 1106 557 1141 rentini
585 1116 745 1151 recepero
771 1102 1046 1152 graziosamente
1071 1104 1184 1138 corale

424 1156 540 1192 iente.
578 1158 694 1190 Fuoro
720 1154 823 1190 divifi
863 1168 902 1201 pe
935 1156 969 1189 le
996 1154 1069 1189 case
1097 1154 1184 1189 cari-

425 1206 682 1249 tativamente‚
710 1219 729 1240 e
755 1205 837 1240 dato
865 1205 942 1240 loro
963 1205 1005 1239 da
1033 1204 1182 1239 manica—

423 1270 486 1304 re,
529 1257 646 1292 buono
686 1256 813 1295 Uetto,
854 1254 965 1289 lavati
1007 1254 1125 1300 piedi,
1167 1266 1186 1288 e

425 1307 513 1343 satta
542 1307 654 1342 moita
681 1306 827 1340 caritate
855 1317 914 1350 per
937 1314 989 1338 tre
1008 1303 1083 1342 dii,
1111 1302 1186 1338 sen-

423 1372 465 1395 za
495 1358 649 1405 premio.
683 1354 741 1389 Po'
779 1353 812 1389 se
848 1354 995 1388 moffero
1023 1353 1049 1389 li
1079 1353 1186 1390 moiri

424 1407 649 1449 Fiorentini‚
676 1418 696 1440 e
724 1404 858 1452 prefero
895 1405 1016 1453 quello
1044 1403 1187 1440 medest-

424 1471 485 1494 mo
512 1456 638 1499 avito,
673 1469 693 1490 e
720 1455 896 1503 sequitaro
925 1457 989 1490 Fra
1019 1455 1189 1491 Venturi-

424 1522 491 1545 no.
521 1507 660 1555 Viengo
687 1519 706 1541 a
736 1506 927 1542 Vitiervo.
969 1506 1024 1542 Da
1052 1506 1187 1542 Vitier-

424 1573 473 1596 vo
500 1568 623 1595 entrao
649 1557 688 1594 in
717 1558 856 1594 Roma.

475 1766 549 1800 Οτι
584 1763 618 1798 la
655 1761 746 1797 fama
781 1759 824 1797 de
856 1763 959 1796 Frate
986 1758 1189 1796 Venturino

424 1815 468 1852 da
496 1816 652 1862 Begomo
690 1811 780 1847 forte
808 1820 980 1846 vantava.
1011 1813 1044 1845 A
1076 1812 1188 1845 Roma

424 1864 605 1900 dicevaie,
632 1861 696 1897 che
725 1862 850 1897 boleva
878 1861 1077 1897 convertite
1118 1862 1188 1896 Ro-

425 1914 542 1951 mani.
571 1915 726 1958 Quanno
753 1911 789 1946 fo
816 1912 941 1955 ionro,
977 1910 1013 1946 fo
1047 1924 1188 1959 recepu-

423 1974 464 2001 to
503 1964 541 2000 in
584 1966 691 1998 Samo
733 1963 842 1998 S1st0.
879 1963 933 1998 La
971 1962 1132 2010 predicao
1169 1975 1188 1997 a

425 2014 483 2051 soa
509 2014 625 2049 iente.
662 2012 780 2048 Moita
811 2026 963 2060 pareva,
998 2012 1187 2052 ordinata,

424 2079 444 2102 e
471 2066 584 2101 bona.
610 2065 666 2100 La
702 2062 772 2099 sera
798 2073 996 2100 cantavano
1033 2063 1067 2099 le
1094 2064 1186 2099 Lau-

422 2116 486 2152 de.
529 2116 622 2151 Bene
662 2114 795 2163 givano
835 2114 878 2149 ad
912 2114 1058 2150 ordine.
1104 2115 1186 2150 Uno

423 2165 622 2203 Confalone
646 2164 690 2200 de
725 2173 878 2200 zennato
914 2164 1111 2208 aizavan0‚
1148 2165 1187 2200 lo

423 2218 526 2265 quale
552 2216 667 2253 donao
688 2228 706 2250 a
731 2217 764 2251 la
792 2215 979 2251 Minerva.
1007 2217 1043 2250 A
1071 2216 1107 2251 lo
1128 2215 1185 2251 die

423 2266 577 2315 presente
620 2279 731 2313 penne
771 2279 815 2301 ne
862 2268 895 2301 la
932 2266 1032 2301 voita
1067 2265 1110 2301 de
1152 2266 1185 2301 la

424 2317 591 2354 Minerva
620 2320 717 2364 iopra
744 2317 778 2352 la
797 2317 968 2364 Cappella
990 2316 1028 2351 di
1054 2315 1182 2352 Miffo-

423 2381 461 2404 re
485 2366 644 2404 Latino.
680 2369 754 2402 Ene
788 2367 831 2403 de
865 2375 1018 2402 zennato
1054 2366 1183 2406 verde,

424 2419 554 2466 longo,
579 2418 614 2453 ὃς
643 2417 782 2464 ampio.
820 2419 955 2451 Dentro
981 2415 1052 2450 stao
1079 2426 1183 2464 penta

423 2470 457 2505 la
493 2469 587 2503 seura
624 2467 665 2502 de
703 2470 808 2503 Santz
844 2465 987 2502 Maria:
1025 2466 1067 2500 de
1103 2466 1138 2501 Ιὲ
1164 2478 1184 2501 e

424 2519 464 2555 de
492 2518 556 2557 eh&
583 2517 673 2554 stato
701 2516 799 2566 penti
824 2516 984 2566 Angeli,
1019 2515 1047 2551 li
1084 2516 1183 2562 quali

988 2564 1120 2602 sonam>

1051 854 1106 889 Ne
1148 853 1197 890 la,

1296 296 1352 329 bus
1377 295 1467 330 albas
1492 296 1612 343 caligas
1641 297 1832 341 induerant,
1855 298 1954 345 supra
1980 311 2059 346 quas

1294 345 1436 388 [erebant
1461 359 1561 383 ocreas
1597 360 1633 382 ex
1670 347 1748 382 corio
1774 352 1819 382 ad
1848 348 1940 392 suras
1967 350 2061 396 usque

1295 396 1477 442 protensas.
1515 399 1631 442 Capite
1667 397 1796 432 comem
1831 399 1937 443 amplo
1978 401 2062 447 pileo

1295 447 1397 490 panni
1419 445 1438 466 *
1462 448 1542 482 linei
1565 449 1675 495 glauci
1701 449 1810 483 coloris
1836 452 2061 497 cernebantur,

1296 498 1331 530 in
1367 497 1456 541 cujus
1490 499 1568 542 pilei
1603 500 1754 534 anteriori
1793 501 1887 547 [upra
1925 502 2060 545 frontem

1296 557 1387 592 parte
1408 547 1576 595 gestabant
1603 563 1710 585 nomen
1737 553 1767 595 J
1773 553 1828 586 Es
1833 555 1883 588 U.
1910 552 2060 587 Nominis

1297 598 1390 642 hujus
1415 609 1490 645 pars
1511 599 1652 645 superior
1677 602 1746 636 albi
1771 603 1901 646 coloris,
1929 603 2057 648 inferior

1296 659 1400 682 autem
1433 660 1508 694 pars
1544 650 1630 683 rubei
1663 661 1750 687 erat.
1787 653 1914 687 Pec‘lore
1947 655 2059 688 eandi-

1237 698 1262 732 E
1298 700 1371 732 dam
1398 699 1569 734 columbam
1591 702 1743 746 gerebant
1759 725 1770 742 ,
1806 715 1886 748 quae
1911 703 1946 737 in
1971 705 2060 748 pacis

1292 747 1420 794 signum
1465 750 1556 791 rostro
1597 764 1717 786 ramum
1755 753 1862 787 olivae
1907 757 2054 792 tenebar.

1299 800 1406 832 Manu
1449 801 1576 833 dextera
1622 801 1750 840 hastilia
1789 805 2057 849 peregrinantium

1295 850 1488 892 portabant.
1524 851 1661 891 Sinistra
1698 850 1835 898 refferam
1868 855 1966 890 Pater
1992 868 2055 891 no-

1296 898 1360 934 ster
1386 898 1432 936 &⁹
1461 901 1540 935 Ave
1577 899 1695 936 Maria
1729 902 1930 946 deserebant.
1968 906 2055 949 Eju-

1290 950 1424 993 Jcemodi
1451 963 1517 984 cum
1541 953 1713 996 gentibus,
1751 967 1787 987 ac
1811 954 1970 990 bominum
1996 960 2055 991 50-

1295 1000 1405 1034 eierare
1448 1002 1562 1034 Frater
1602 1003 1793 1037 Venturinus
1829 1005 1863 1038 in
1901 1006 2055 1040 Lambat-

1295 1049 1381 1083 diam
1401 1050 1647 1092 praedicationes
1664 1064 1761 1093 agens
1780 1053 1955 1093 descendit.
1976 1057 2057 1090 Plau

1296 1111 1342 1132 res
1369 1098 1486 1141 Populi
1510 1098 1579 1141 ejus
1605 1097 1750 1145 vestigiis
1768 1102 1951 1147 adhaesere.
1979 1107 2058 1140 Flo-

1296 1148 1431 1182 rentiam
1456 1148 1617 1188 accedens,
1653 1164 1673 1184 a
1701 1151 1898 1187 Florentinis
1920 1166 2060 1201 gratan-

1296 1208 1343 1231 ter
1377 1211 1442 1232 una
1476 1211 1544 1232 cum
1575 1210 1669 1245 gente
1699 1201 1760 1245 sua
1798 1214 1934 1247 receptus
1966 1206 2056 1249 suit.

1295 1248 1445 1283 Societati
1469 1249 1540 1283 huic
1550 1273 1560 1288 ,
1596 1261 1649 1296 per
1683 1253 1787 1287 domos
1821 1255 2057 1298 misericorditer

1296 1300 1471 1333 hominibus
1506 1300 1684 1342 distributis
1700 1329 1710 1345 ,
1745 1303 1894 1338 lefflorum
1926 1319 2056 1341 eommo-

1295 1352 1426 1385 ditarem
1442 1377 1453 1395 ‚
1478 1353 1593 1397 pedum
1618 1352 1812 1388 ablutionem
1828 1381 1838 1397 ‚
1866 1356 1910 1390 6¹
1936 1357 2058 1401 miseri-

1295 1402 1416 1437 cordiae
1450 1402 1674 1438 exhibitionem
1719 1405 1902 1439 Florentini
1944 1408 2058 1454 absque

1296 1453 1366 1487 ulla
1392 1455 1523 1487 mercede
1546 1453 1650 1488 triduo
1675 1458 1902 1499 praebuerunt.
1929 1457 2059 1493 Allec‘lr'

1295 1504 1396 1549 postea
1438 1505 1574 1548 exemplo
1613 1506 1810 1550 quamplures
1847 1508 2057 1553 Florentini‚

1296 1554 1435 1588 eumdem
1469 1554 1614 1589 habitum
1648 1555 1872 1601 suscipientes,
1910 1560 2058 1593 Fratrem

1298 1604 1505 1639 Venturinum
1528 1605 1614 1648 suere
1639 1607 1851 1642 consomitati.
1881 1609 2058 1643 Vieerbium

1294 1665 1528 1700 pervenerunt.
1567 1656 1704 1690 Vitcrbio
1739 1657 1948 1702 discedentes,
1988 1663 2067 1694 Ro·-

1296 1719 1379 1740 mam
1408 1715 1588 1741 intrarunt.

1347 1756 1476 1791 Fratris
1514 1757 1683 1791 Venturini
1717 1758 1932 1806 Bcrgomenfis
1967 1758 2058 1803 sama

1295 1807 1466 1852 plurimum
1486 1808 1711 1843 extollebatur.
1738 1814 1857 1844 Romae
1875 1810 2057 1854 dicebatur,

1295 1858 1434 1892 eumdem
1461 1861 1621 1891 Romanos
1657 1860 1701 1892 ad
1736 1861 1962 1904 poenitentiam
1992 1860 2060 1903 sore

1294 1907 1542 1953 perdufflmum.
1580 1910 1689 1954 ,Quum
1726 1908 1760 1942 in
1798 1912 1908 1945 Urbem
1943 1910 2060 1945 introi-

1296 1960 1373 2003 vit,
1400 1960 1444 1993 ad
1470 1957 1586 1992 Sanc'z'i
1611 1958 1701 1992 sixti
1727 1959 1896 2000 Ecclesiam
1923 1971 2067 2007 receptus·

1290 2010 1359 2054 fuit
1375 2035 1385 2052 ‚
1416 2008 1471 2042 ubi
1495 2008 1759 2053 praedicationem
1784 2013 1829 2044 ad
1851 2023 1961 2057 gentes
1981 2012 2059 2055 suas

1216 2053 1257 2087 ‘E
1295 2059 1426 2095 babuit.
1453 2059 1585 2093 Multae
1611 2057 1654 2097 ά·
1683 2061 1809 2107 quidem
1843 2063 1919 2096 bene
1951 2062 2057 2106 dispo-

1289 2110 1373 2152 sttac
1398 2122 1434 2144 ac
1460 2110 1548 2144 mites
1574 2109 1788 2145 videbantur.
1818 2111 1945 2154 Vespere
1968 2113 2058 2145 Lau-

1295 2164 1349 2196 des
1376 2169 1469 2196 cantu
1504 2160 1697 2195 recitabant.
1731 2160 1883 2195 Scriatim
1907 2174 1944 2194 ac
1969 2161 2055 2194 ordi-

1297 2222 1368 2247 nate
1395 2211 1602 2245 incedebant.
1630 2210 1789 2244 Vexillum
1818 2210 1951 2253 sericeae
1975 2212 2057 2244 telae

1295 2262 1473 2297 attollentes
1506 2260 1725 2307 explicabant,
1765 2263 1849 2306 quod
1882 2261 2055 2295 Minervae

1295 2315 1374 2347 dono
1398 2311 1575 2345 dederunt.
1613 2309 1716 2356 Usque
1747 2311 1852 2345 adbuc
1886 2325 1908 2346 a
1938 2312 2056 2355 fornice

1294 2364 1469 2397 Minervae
1508 2361 1688 2405 dependet,
1723 2361 1825 2406 Juprae
1863 2363 2057 2398 aediculam

1295 2411 1428 2448 Domini
1454 2410 1595 2446 Latini.
1620 2411 1746 2446 Sericed
1771 2412 1837 2446 cela
1863 2414 1980 2448 viridis
2007 2426 2057 2448 co-

1294 2461 1368 2496 loris
1394 2462 1612 2501 elaboratum,
1639 2463 1782 2506 amplum
1803 2463 1887 2507 satis
1914 2478 1951 2499 ac
1978 2464 2058 2508 spa-

1291 2512 1405 2558 tiosum
1418 2535 1432 2553 ‚
1459 2511 1494 2547 in
1521 2512 1625 2548 medio
1653 2512 1778 2558 piffam
1810 2513 1947 2551 babebat
1971 2518 2058 2549 San-

1932 2564 2000 2601 fiae
