2232 3089
475 237 560 283 745
819 215 1650 313 Hls·TOR1A{RoMANAE
1907 229 1994 280 746

515 331 948 371 CAPITOLO
1000 330 1074 364 VI.

411 440 491 476 cola
516 436 661 486 pubblica
688 433 722 466 in
749 429 971 477 Campidoglio
996 430 1026 465 le
1045 432 1149 479 Leggi
1165 459 1174 474 ‚

461 492 515 528 ‘he
542 486 631 524 vuele
647 513 658 528 ‚
685 483 737 517 che
765 482 798 523 fi
823 480 974 529 offervino
1009 483 1060 526 pel
1095 485 1174 518 buon

457 550 594 589 governo
628 536 665 570 di
701 538 827 570 Roma.
867 535 956 569 Onde
991 536 1085 568 viene
1118 535 1176 570 dat

459 590 578 626 Pooolo
604 587 773 623 acclamato
799 587 952 632 signore,
981 599 1034 620 con
1060 584 1172 630 affolu—

459 651 492 677 to
530 643 665 685 Impera.
701 640 733 672 E
769 636 848 677 resta
882 638 918 672 in
952 637 1174 685 Campidoglr‘o

457 693 503 728 cot
531 690 653 726 Vicario
679 689 731 724 del
755 691 866 735 Papa.

481 846 560 885 Uoi
588 846 661 883 fece
688 846 780 883 Cola
814 844 857 881 de
894 842 1031 880 Rienzo
1068 843 1174 893 lejere

508 913 576 936 una
613 909 736 942 carta,
777 910 819 933 ne
857 896 890 931 la
927 895 1032 943 quale
1066 907 1172 930 erano
1196 905 1230 913 “

407 953 434 987 11
475 950 729 987 ordinamienti
759 949 800 984 de
837 948 873 982 lo
910 948 1028 982 buono
1063 945 1170 980 stato.

408 1003 528 1039 Come
558 1001 658 1050 figlio
694 999 735 1036 de
773 998 892 1034 Cecco
930 995 1101 1032 Mancino
1137 997 1172 1032 la

407 1053 488 1089 leffe
528 1053 777 1089 brevemente.
814 1048 935 1095 Queffi
978 1047 1079 1083 fuoro
1120 1048 1173 1083 ai-

407 1104 534 1153 quanti
562 1102 612 1139 soi
641 1101 824 1148 Capitoli.
854 1102 910 1137 Lo
940 1098 1080 1148 primo,
1109 1099 1172 1134 che

407 1155 543 1191 ciasche
571 1154 690 1190 accide
720 1152 884 1197 persona,
912 1151 980 1187 effo
1009 1148 1052 1184 fia
1081 1150 1171 1185 acci—

405 1206 466 1251 so,
498 1207 596 1242 nulla
623 1204 878 1241 escettuatione
903 1202 1011 1237 fatta.
1040 1203 1095 1236 Lo
1124 1199 1170 1233 se-

404 1272 549 1302 cunno,
578 1257 640 1292 che
669 1256 696 1292 li
728 1255 829 1303 piaiti
860 1266 928 1287 non
957 1252 990 1286 se
1029 1251 1172 1296 prolon—

405 1309 539 1357 ghino‚
568 1320 623 1340 ma
652 1306 744 1339 fiano
773 1302 898 1346 spediti
928 1300 952 1335 fi
973 1300 1039 1333 ali
1068 1300 1172 1345 quin-

402 1359 478 1396 nici
506 1358 583 1393 dia.
613 1357 669 1390 Lo
698 1352 832 1393 tiemo,
871 1348 934 1384 che
972 1350 1068 1384 nulla
1097 1348 1170 1385 Ca-

403 1410 438 1446 sa
475 1409 516 1444 de
554 1409 666 1441 Roma
704 1401 749 1437 fia
785 1402 866 1437 data
905 1413 946 1448 pe
984 1411 1074 1436 terra
1112 1413 1171 1446 per

402 1461 530 1496 aicuna
565 1454 751 1493 cascione‚
787 1465 844 1488 ma
872 1451 951 1500 vaja
991 1451 1026 1487 in
1055 1449 1169 1487 Corn-

400 1523 532 1547 muno.
573 1508 630 1543 Lo
672 1515 821 1553 quarto,
860 1503 922 1538 che
959 1503 996 1538 in
1035 1502 1169 1538 ciasche

399 1562 517 1598 Rione
544 1558 587 1594 de
613 1559 730 1594 Roma
767 1556 860 1590 fiano
896 1554 1012 1590 tenuti
1051 1553 1169 1589 ciento

398 1611 553 1663 pedoni,
588 1624 608 1645 e
638 1607 861 1654 binticinque
898 1604 1088 1647 caulieri,
1128 1618 1169 1652 pe

397 1676 589 1700 commune
616 1659 755 1701 suollo,
791 1657 942 1705 dajenno
969 1655 1010 1690 ad
1039 1654 1097 1690 effi
1129 1669 1168 1691 u-

396 1728 446 1753 no
474 1713 597 1762 paves:
624 1711 668 1744 de
696 1709 816 1744 valore
842 1708 884 1742 de
912 1706 1040 1754 cinque
1076 1705 1167 1742 Car-

397 1766 466 1802 lini
495 1763 708 1804 d’ariento‚
743 1759 1012 1794 convennevole
1041 1757 1168 1803 stipen-

397 1815 479 1852 dio.
508 1817 565 1851 Lo
591 1812 745 1860 quinto,
772 1809 837 1845 che
864 1809 906 1842 de
933 1808 967 1842 la
995 1809 1165 1842 cammo-

395 1880 434 1903 ra
460 1866 503 1901 de
532 1867 645 1900 Roma
672 1862 714 1896 de
743 1862 779 1895 lo
805 1858 1014 1895 Commune
1042 1860 1074 1893 le
1096 1861 1164 1894 Or-

395 1916 503 1959 fane,
532 1929 551 1950 e
591 1915 623 1948 le
660 1911 777 1947 Bedoe
817 1910 944 1958 hajano
981 1910 1163 1959 ajutorio.

393 1970 452 2005 Lo
481 1966 599 2008 flesto,
627 1962 690 1998 che
719 1975 760 1997 ne
789 1963 816 1997 li
848 1962 989 2001 Palati,
1017 1974 1034 1996 e
1063 1962 1161 1997 Stan-

392 2018 433 2055 ni
463 2015 644 2054 Romani,
683 2028 702 2049 e
732 2027 772 2048 ne
800 2014 832 2049 le
865 2012 974 2063 Piajie
1005 2015 1162 2048 Romane

391 2069 436 2104 de
477 2082 594 2108 mare,
636 2065 680 2100 fia
721 2074 930 2101 mantenuro
972 2065 1160 2100 continua·

389 2131 510 2158 mente
539 2132 609 2154 uno
645 2119 771 2165 Legno
810 2130 849 2165 pe
889 2116 1034 2165 guardia
1062 2116 1103 2151 de
1131 2115 1159 2152 li

389 2170 633 2208 Mercaranti.
660 2169 837 2207 Senium,
866 2167 929 2203 che
956 2168 985 2203 li
1013 2167 1158 2207 denari,

391 2224 420 2259 11
449 2224 545 2271 quall
586 2221 715 2268 viengo
752 2220 792 2255 da
832 2220 868 2254 lo
906 2218 1102 2262 Focarico,
1140 2231 1158 2254 e

390 2275 433 2309 de
460 2276 497 2308 lo
524 2274 624 2314 Sale,
652 2285 670 2307 e
701 2272 741 2307 de
769 2271 796 2306 li
828 2271 977 2313 Pacui,
1014 2283 1033 2306 e
1060 2270 1101 2304 de
1128 2268 1157 2305 li

392 2324 515 2372 Paffaji
531 2349 540 2362 ‚
567 2337 585 2358 e
606 2322 920 2365 Connannafioni,
949 2321 981 2356 se
1001 2320 1076 2356 fora
1097 2333 1155 2356 ne—

390 2375 562 2415 cessario,
600 2374 632 2408 se
658 2374 869 2422 delpenzino
905 2386 924 2407 a
963 2373 1000 2407 10
1039 2373 1155 2407 buono

389 2426 502 2463 stato.
537 2427 698 2468 Octavo,
735 2425 797 2460 che
834 2426 867 2458 le
905 2421 1045 2457 Rocche
1085 2425 1151 2458 Ro-

389 2490 492 2514 mane
509 2501 520 2517 ,
547 2476 561 2512 i
590 2476 719 2519 Ponti,
746 2477 779 2510 le
808 2476 913 2510 Porte
930 2501 940 2517 ‚
967 2486 986 2508 e
1014 2474 1046 2507 le
1068 2475 1153 2508 For-

388 2538 488 2565 tezze
513 2555 523 2572 ‚
567 2540 636 2562 non
678 2526 803 2573 dejano
844 2524 946 2560 effere
987 2525 1162 2572 guardate⁴

323 2605 326 2608 Δ
388 2593 449 2630 per
475 2578 602 2616 aicuno
630 2580 787 2622 Barone,
815 2575 848 2612 se
872 2588 919 2612 no
946 2576 1044 2624 pelo
1067 2577 1153 2612 Ret-

998 2635 1075 2661 1010

1469 329 1502 365 C
1552 330 1590 366 A
1643 330 1682 366 P.
1796 330 1877 369 v1.

1294 431 1467 469 Nicolaus
1493 429 1532 467 in
1559 432 1745 481 Capitolio
1766 434 1880 482 Leges
1908 448 1970 486 pro
1990 435 2054 472 bo-

1343 496 1386 519 na
1435 482 1736 522 administratione
1783 485 1896 522 Urbis
1941 487 2054 523 adim-

1344 535 1486 583 plendas
1524 538 1742 586 promulgat.
1780 538 1837 573 Ob
1872 538 1909 574 id
1937 552 1956 574 a
1986 541 2054 574 Ρο-

1343 586 1427 634 pulo
1455 586 1629 622 Dominus
1649 601 1726 625 cum
1747 590 1954 626 omnimoda
1983 592 2055 624 Im-

1342 637 1434 683 perii
1471 636 1638 685 potestate
1675 642 1935 677 conclamatur.
1980 640 2055 688 Ipse

1342 687 1379 722 in
1421 687 1608 736 Capitolio
1644 703 1710 725 una
1749 703 1828 725 cum
1870 690 2055 726 Pontificis

1343 737 1490 774 vicario
1519 751 1653 774 moram
1682 740 1813 776 trahit.

1290 840 1543 932 postmodum
1574 842 1727 878 Nicolaur
1755 843 1926 878 Laurentii
1952 844 2058 879 Char-

1390 902 1478 935 tam,
1506 892 1539 925 in
1566 905 1629 938 qua
1654 897 1751 939 Leges
1778 904 1834 938 pro
1859 897 1935 930 bono
1961 895 2056 930 Urbt's

1289 942 1438 989 regimine
1482 943 1652 986 descriptae
1694 944 1843 987 fuerant,
1889 947 2055 992 legendam

1286 993 1409 1037 publice
1449 995 1588 1027 tradidit
1622 995 1742 1027 Comiti
1777 994 1850 1036 filio
1889 996 2053 1039 Francisei

1288 1044 1467 1086 Mancini,
1504 1043 1558 1087 qui
1593 1056 1661 1076 eam
1696 1043 1834 1077 breviter
1867 1046 2054 1091 perlegens,

1288 1096 1361 1129 haec
1384 1093 1567 1137 praesertim
1587 1092 1742 1139 Capitula
1759 1095 1959 1138 publicavit.
1980 1096 2056 1130 Pri-

1288 1156 1359 1178 mo:
1386 1143 1568 1190 quicumque
1595 1144 1694 1178 atium
1724 1145 1933 1190 interfecerit,
1962 1147 2055 1181 null&

1239 1228 1242 1229 γ
1288 1195 1463 1241 exceptione
1509 1195 1620 1229 habita
1665 1195 1844 1232 occidatur.
1890 1200 2056 1232 Secundo:

1287 1249 1377 1280 Lnes
1405 1259 1442 1279 ne
1476 1247 1710 1293 producantur,
1741 1248 1801 1293 sed
1835 1248 1923 1297 infra
1958 1249 2054 1295 quin-

1285 1296 1384 1330 decim
1411 1297 1480 1331 dies
1513 1297 1634 1342 judicio
1668 1299 1881 1334 dirimantur.
1917 1300 2053 1333 Tertio:

1285 1347 1391 1381 Nulla
1418 1351 1524 1380 domus
1553 1352 1675 1382 Romae
1700 1362 1890 1396 quacumque
1915 1363 1952 1383 ex
1977 1363 2052 1384 cau-

1277 1397 1317 1442 sa
1345 1401 1389 1433 ad
1419 1398 1522 1442 solum
1558 1398 1763 1444 disjiciatur,
1794 1401 1852 1444 sed
1887 1400 2053 1434 Communi

1282 1448 1503 1494 adjudicetur.
1541 1453 1691 1496 Quarto:
1727 1453 1766 1486 In
1803 1449 1946 1499 qualibet
1982 1455 2052 1486 Re-

1278 1501 1372 1546 gione
1399 1501 1575 1535 habeantur
1600 1513 1720 1536 centum
1743 1505 1885 1550 pedites,
1923 1500 1968 1539 (ἶ)
1996 1502 2051 1537 vi-

1278 1551 1369 1597 ginti
1395 1553 1532 1597 quinque
1559 1553 1677 1598 equites
1705 1555 1749 1588 ad
1780 1553 1941 1598 stipendia
1968 1553 2051 1588 Rel-

1252 1601 1446 1651 ¹publicae.
1489 1600 1567 1647 Ipsis
1603 1612 1708 1636 autem
1743 1601 1917 1648 sigillatim
1954 1614 2050 1648 prae-

1280 1654 1390 1686 beatur
1416 1653 1542 1698 clypeds
1570 1653 1692 1686 valoris
1717 1654 1854 1700 quinque
1881 1655 2048 1689 Carolina-

1281 1716 1348 1737 rum
1375 1713 1610 1749 argenteorum,
1650 1702 1697 1741 &³
1735 1707 1896 1738 condecens
1927 1705 2050 1752 slipen-

1278 1754 1366 1788 dium
1401 1752 1592 1795 destinetur.
1628 1753 1782 1799 Quinto:
1818 1756 1975 1800 orfanis,
2013 1769 2048 1791 ac

1281 1804 1394 1838 Vnduis
1444 1806 1578 1840 Camera
1622 1807 1805 1841 eommunis
1850 1808 2045 1851 opituletur.

1277 1859 1399 1890 Sexto:
1426 1858 1463 1890 In
1488 1855 1663 1902 paludibus
1691 1856 1735 1895 ά·
1766 1858 1894 1892 lacubus
1922 1862 2045 1893 Roma-

1277 1906 1349 1950 nis,
1377 1920 1413 1941 ac
1439 1907 1472 1940 in
1501 1907 1563 1940 oris
1599 1907 1770 1941 maritimis
1807 1913 2044 1954 Romanorum,

1276 1959 1373 1992 navis
1401 1959 1594 2002 retineatur,
1632 1971 1710 2005 quae
1738 1961 1950 1995 Mercatorum
1977 1960 2044 1994 tui-

1275 2010 1356 2043 tioni
1375 2009 1494 2054 praesto
1514 2008 1579 2050 fit.
1599 2011 1762 2056 Septimo:
1782 2012 1943 2054 Pecunia,
1965 2024 2043 2058 quae

1272 2075 1293 2096 a
1322 2061 1488 2100 Focatico,
1516 2062 1613 2100 Sale,
1641 2059 1796 2097 Portubus
1816 2091 1826 2106 ‚
1865 2063 2040 2102 Tranfitu,

1273 2111 1317 2145 (9·
1355 2112 1677 2148 Condemnationibus
1714 2115 1902 2155 obveniret,
1937 2125 2039 2157 eroge·—

1272 2172 1344 2201 tur,
1367 2161 1398 2204 fi
1424 2164 1580 2209 netrffitas
1607 2164 1766 2210 exegerit,
1798 2175 1858 2210 pro
1887 2162 2039 2206 juvanda

1269 2214 1414 2261 publicae
1460 2218 1504 2248 rei
1545 2215 1834 2255 administratione.
1882 2213 2004 2247 Oflavo
2023 2226 2038 2246 .·

1270 2269 1372 2301 Arces
1414 2269 1600 2308 Romanae,
1640 2268 1777 2305 Pontes,
1814 2266 1950 2306 Portae,
1989 2262 2035 2302 ἐφ’

1271 2317 1478 2359 Porsinnae,
1506 2330 1544 2349 ne
1569 2314 1699 2359 subsint
1723 2315 1858 2357 alicujus
1888 2317 2032 2361 Magna-

1269 2368 1307 2402 tis
1323 2394 1334 2410 ,
1358 2377 1575 2412 praeterquam
1600 2365 1744 2400 Rec‘loris
1771 2366 1909 2410 Populi,
1938 2365 2034 2408 custa-

1266 2418 1363 2452 diae.
1400 2420 1522 2451 Nono:
1557 2416 1678 2450 Nullus
1705 2417 1832 2451 Nobilis
1858 2418 2031 2464 quamlibet

1265 2473 1385 2505 ,Arcem
1407 2467 1583 2513 poffi‘deat.
1611 2467 1763 2502 Decimo:
1789 2470 1949 2502 Barenum
1977 2481 2029 2502 cu-

1265 2532 1302 2554 ra
1328 2518 1412 2563 ello,
1437 2518 1565 2552 viarum
1586 2518 1751 2563 securitati
1777 2519 1950 2564 consulere.
1977 2520 2030 2552 Ne

1264 2573 1406 2606 Ramnes
1444 2569 1598 2618 recipiant
1638 2570 1778 2605 latrones
1815 2569 1858 2609 (φ
1897 2570 2030 2612 malefa-

1859 2618 1975 2655 &lores-
