2232 3089
428 169 507 220 ¹91
812 155 1188 215 ANTIQUIT.
1217 154 1432 200 MEDII
1457 156 1628 201 AEVI
1915 168 1979 220 92⁹

511 288 648 332 Caroli
680 291 801 332 Craffi
833 290 1082 347 Imperatoris
1123 290 1377 347 Privilegium
1409 292 1626 335 concessum
1671 294 1911 339 Monasterio

634 351 797 392 Sanctae
829 351 983 392 Mariae
1015 351 1250 393 Theodotae
1279 352 1519 406 Ticinenfis‚
1550 356 1672 396 Auno
1697 355 1794 396 881.

445 467 481 500 N
505 465 626 502 nomine
652 467 791 502 SanHae
810 468 1064 503 &individuae
1084 469 1160 503 Tri·
1196 471 1231 505 A
1266 470 1345 505 citas
1371 471 1535 512 occasiones
1558 472 1780 518 requirendas.
1807 475 1856 508 Et
1881 473 2032 522 quiequid

470 517 604 553 nitatis.
631 519 782 554 Karolus
807 519 924 553 divina
945 519 1079 563 favente
1100 520 1158 553 cle—

396 567 517 602 mentia
556 567 751 615 Imperator
788 569 982 618 Augustus.
1025 571 1162 605 Noverit

397 616 498 663 igitur
523 619 661 653 omnium
681 618 831 663 fidelium
859 623 1026 662 nostrorum
1042 646 1053 660 ,
1089 632 1160 665 pre-

391 667 531 712 sentium
551 669 699 703 videlicet
718 670 765 709 θ’
783 671 960 716 futurorum
981 672 1163 714 industria:

397 717 475 764 quia
523 719 751 756 Liutwardus
796 723 990 756 venerabilis
1032 722 1163 765 sanblae

397 769 627 805 Vercellenfis
657 771 828 807 Ecclefiae
857 771 1049 821 Episcopus
1076 773 1164 807 adiit

346 842 349 843 ν
399 818 613 859 celsitudinem
633 823 787 867 nostram,
810 823 990 869 postulans,
1010 834 1046 857 ut
1064 825 1160 870 quod·
1198 843 1209 848 >

395 870 469 904 dam
497 870 708 907 immunitatis
737 877 938 921 Praeceptum
965 876 1089 909 cuidam
1116 875 1160 917 se-

398 919 504 955 minae
532 922 655 956 nomine
695 923 928 960 Richsuindae
958 925 1162 961 Abbatiffae

398 969 607 1008 Monasterji
645 973 790 1011 Sanffiae
826 974 965 1011 Mariae
1000 979 1064 1012 Dei
1093 979 1162 1012 Ge-

398 1020 561 1062 nstricis,
589 1027 682 1071 quod
713 1026 844 1063 dicitur
864 1027 1094 1071 Theodotae,
1123 1027 1160 1062 fi-

397 1080 474 1108 tum
504 1073 541 1109 in
574 1074 673 1111 Urbe
701 1077 904 1122 Ticinens1‚
940 1090 994 1125 pro
1029 1078 1162 1120 diversis

396 1123 594 1160 utilitatibus
623 1126 759 1172 eiusdem
788 1129 978 1172 Monoflerii
1008 1129 1084 1174 fieri
1108 1131 1160 1176 ju-

397 1175 555 1211 beremus.
586 1179 652 1212 Nos
678 1192 754 1213 vero
779 1180 846 1225 ejus
873 1181 1039 1224 petitiones
1068 1181 1157 1215 ratio-

397 1226 522 1261 nabiles
541 1226 620 1272 fieri
646 1230 862 1276 conspicientes
878 1254 888 1270 ‚
926 1235 979 1265 boc
1015 1231 1162 1264 immuni—

397 1277 477 1310 tatis
519 1281 722 1327 Praeceptum
770 1282 934 1328 praefatae
975 1280 1166 1327 Abbatiffae

396 1328 581 1370 conscribere
615 1331 786 1376 juffimus.
827 1336 888 1366 Per
927 1335 1009 1378 quod
1044 1335 1167 1366 omnino

395 1378 640 1414 determinantes
672 1381 822 1426 jubemus
841 1407 850 1421 ,
886 1393 922 1416 ut
958 1390 1064 1417 eadem
1094 1386 1165 1418 Ab·

397 1426 512 1472 batiffa
540 1430 655 1476 degens
687 1431 748 1474 sub
774 1434 884 1478 regula
919 1433 1037 1467 Sanfli
1067 1438 1165 1468 Bene-

395 1477 480 1514 diHi
519 1479 554 1513 id
592 1481 822 1522 Monaslerium
856 1496 924 1516 cum
961 1484 1103 1517 omnihus
1130 1498 1165 1518 a-

397 1527 570 1573 djacentiis
595 1533 666 1574 jure
694 1533 736 1566 (9'
762 1534 911 1579 legaliter
936 1534 1104 1579 adquisitis
1130 1547 1162 1567 u-

393 1580 470 1627 sque
498 1581 531 1615 in
562 1580 665 1626 finem
701 1584 790 1619 vitae
825 1585 898 1627 suae
935 1595 1040 1619 teneat
1075 1596 1168 1631 atque

396 1631 572 1677 poffideat.
613 1635 742 1677 Insuper
767 1648 838 1681 ergo
873 1648 976 1669 omnes
1011 1648 1058 1669 res
1094 1649 1166 1682 quo-

393 1682 542 1728 scumque
567 1684 795 1726 Monasterium
822 1687 905 1720 idem
931 1687 1025 1733 longo
1051 1697 1167 1730 tempo-

399 1744 433 1766 re
460 1731 594 1780 possedit
619 1745 677 1768 aut
714 1736 844 1782 poffidet
867 1736 952 1782 juste
979 1736 1026 1776 &¹
1053 1737 1168 1783 legali-

399 1792 448 1817 ter
475 1794 542 1818 tam
568 1786 742 1830 emptione,
770 1788 960 1831 donatione,
997 1789 1091 1834 qudm
1123 1786 1167 1831 fi-

399 1835 521 1869 delium
547 1836 706 1871 oblatione
731 1837 932 1886 adquisivit,
965 1852 1001 1873 ac
1027 1839 1171 1884 deinceps

397 1883 481 1933 julie
501 1887 545 1920 Θ·
563 1887 714 1936 legaliter
735 1890 900 1936 adquirere
922 1891 1060 1936 potuerit
1079 1900 1169 1924 tran-

402 1937 504 1982 quillo
526 1936 620 1983 jure,
655 1951 711 1988 per
745 1941 798 1976 hoc
825 1940 943 1982 noslrae
969 1941 1171 1976 ausloritatis

403 1989 607 2030 Praeceptum
643 2002 772 2028 teneat.
809 1994 858 2027 Et
892 2002 928 2027 ut
954 1993 1062 2027 nullus
1090 1991 1170 2026 Rei-

402 2036 549 2083 publicae
579 2042 750 2083 Minister,
778 2053 834 2076 aut
861 2043 978 2089 aliquis
1004 2057 1040 2077 ex
1067 2043 1172 2086 Judi-

403 2088 505 2122 siavia
529 2091 678 2136 potestate
710 2093 880 2139 presumere
908 2094 951 2127 (9⁶
977 2093 1114 2128 homines
1139 2107 1172 2128 e-

403 2137 528 2185 jusdem
558 2142 745 2182 Monaslerii
772 2144 884 2178 liberos
908 2154 966 2178 aut
985 2145 1095 2189 servos
1120 2145 1171 2179 in-

407 2189 569 2236 quietare,
606 2195 660 2225 vel
695 2194 761 2228 loca
795 2197 839 2229 ad
863 2195 969 2238 causas
996 2195 1173 2230 audiendas

408 2241 465 2275 vel
485 2240 579 2284 freda
605 2244 759 2291 exigenda
784 2247 839 2279 vel
866 2246 987 2281 tributa
1014 2247 1058 2280 Θ·
1081 2260 1173 2280 man—

402 2290 504 2333 fiones
531 2294 586 2328 vel
610 2306 741 2340 paratas
771 2296 936 2340 faciendas
951 2322 962 2336 ‚
999 2311 1051 2332 nec
1085 2296 1172 2341 fide-

403 2340 533 2390 juffores
563 2346 741 2391 tollendos,
779 2359 836 2382 aut
872 2349 1009 2382 homines
1036 2347 1173 2392 eiusdem

409 2395 565 2437 Ecclesiae
589 2407 657 2434 tam
686 2402 835 2446 ingenuos
861 2412 954 2446 quam
985 2399 1092 2442 servos
1119 2401 1171 2440 su-

409 2457 465 2492 per
502 2458 616 2484 terram
651 2452 749 2498 ipsius
783 2459 1005 2486 commanentes
1039 2448 1170 2489 distrin-

407 2500 527 2547 gendos
539 2527 561 2553 ,Α
588 2514 642 2540 nec
667 2504 754 2542 ullas
787 2500 988 2540 redibitiones
1016 2510 1073 2538 aut
1099 2499 1170 2536 illi-

1197 2287 1251 2322 ,E

1267 523 1378 555 exinde
1398 523 1488 567 Fisco
1507 523 1604 562 noslro
1625 523 1751 569 sperare
1775 535 1899 569 poterat
1926 526 1960 559 in
1982 538 2033 559 eo-

1266 575 1336 605 dem
1371 573 1490 606 Sanc‘lo
1526 576 1719 616 Monalterio
1750 576 1940 619 sollempni,
1983 575 2032 615 &

1266 633 1414 669 perpetua
1449 622 1616 666 securitate
1651 627 1862 659 concedimus.
1906 629 2031 661 Damus

1267 673 1363 707 etiam
1388 673 1548 707 licentiam
1573 676 1613 708 de
1638 676 1737 709 Silva
1772 678 1875 717 nostra
1910 676 2034 710 Carbo-

1269 723 1362 758 naria
1389 725 1591 758 materiamen
1611 728 1655 759 ad
1681 727 1908 772 reparationem
1936 726 2035 771 ipsius

1270 775 1459 816 Monasterii
1482 776 1632 821 suscipere
1649 803 1658 819 ,
1695 790 1730 810 ac
1756 777 1848 823 ligna
1874 779 1918 811 ad
1944 778 2032 821 usum

1270 824 1367 868 ipsius
1398 825 1528 864 habere,
1553 827 1724 870 secundum
1751 832 1895 873 temporis
1922 840 2033 876 oppor-

1270 876 1461 911 tunitatem.
1499 878 1547 910 Et
1582 881 1764 923 quandoque
1791 879 1946 923 neceffitas
1973 880 2035 914 im-

1271 926 1393 965 minet,
1422 940 1536 960 navem
1565 927 1653 960 illius
1688 938 1743 971 per
1769 930 1854 962 Padi
1890 930 1944 962 vel
1971 930 2033 963 Ti-

1269 976 1333 1011 cini
1363 980 1491 1011 Portum
1527 980 1639 1025 absque
1674 980 1804 1024 ripatico
1834 978 1904 1019 fine
1930 981 2034 1014 alicu-

1268 1026 1321 1070 jus
1360 1028 1571 1067 controversia
1610 1029 1779 1073 discurrere
1819 1031 1913 1064 liceat
1937 1056 1946 1065 .
1987 1033 2036 1065 Et

1270 1081 1520 1113 commutationes
1549 1093 1649 1113 rerum
1676 1080 1836 1123 omnium,
1863 1094 1941 1127 quas
1965 1080 2036 1126 eju-

1268 1130 1353 1171 sdem
1382 1131 1570 1171 Monasterii
1597 1130 1789 1175 Abbatiffae
1815 1134 1936 1178 pridem
1962 1133 2037 1175 sue-

1270 1189 1367 1218 runt,
1396 1192 1542 1213 maneant
1569 1182 1768 1225 inconvulsae
1784 1209 1793 1218 .
1831 1182 2037 1217 Concedimus

1271 1230 1367 1264 etiam
1395 1230 1429 1263 in
1457 1231 1559 1264 eodem
1585 1233 1762 1273 Coenobio,
1788 1244 1825 1266 ut
1848 1233 1944 1276 juxta
1965 1246 2038 1266 nor-

1273 1294 1355 1314 mam
1383 1281 1509 1327 regulae
1535 1280 1651 1315 sanft'i
1677 1282 1869 1325 Benedicti,
1897 1296 1962 1316 cum
1984 1296 2040 1316 ne-

1271 1345 1298 1366 ce
1325 1343 1389 1366 stas
1414 1333 1614 1378 pulsaverit,
1642 1338 1680 1366 de
1705 1331 1834 1378 propria
1861 1336 2040 1380 Congrega-

1272 1384 1358 1416 tione
1383 1383 1545 1416 licentiam
1581 1383 1722 1426 eligendi
1757 1381 1895 1416 babeant
1921 1385 2041 1418 Abba-

1272 1430 1376 1475 tiffam
1397 1432 1518 1477 semper
1544 1432 1670 1477 quidem
1702 1432 1761 1475 sub
1789 1433 1889 1478 Regis
1926 1434 2041 1467 immu-

1275 1483 1376 1516 nitate
1402 1481 1542 1525 desense.
1581 1483 1671 1527 ‚Quin
1698 1483 1795 1516 etiam
1825 1483 1929 1529 Regia
1963 1486 2041 1527 san-

1274 1535 1370 1566 cimus
1396 1531 1614 1571 auqoritate,
1651 1543 1686 1566 ut
1721 1546 1788 1567 cum
1825 1534 1980 1579 neceffitas
2007 1548 2040 1569 e-

1274 1583 1398 1616 venerit
1424 1583 1463 1616 de
1489 1584 1578 1617 rebus
1607 1583 1653 1622 ὅγ’
1681 1584 1817 1623 familiis
1845 1585 1939 1629 ipsius
1962 1587 2040 1619 Mo-

1275 1632 1423 1675 nasterii‚
1458 1645 1513 1679 per
1549 1634 1780 1680 inquisicionem
1811 1639 1962 1680 Regale-m
1992 1635 2039 1670 rei

1275 1684 1396 1719 veritas
1423 1686 1628 1730 approbetur.
1668 1686 1796 1731 Insuper
1831 1686 1974 1720 dedimus
2003 1687 2038 1720 in

1274 1734 1394 1780 prefato
1430 1736 1622 1777 Monasterio
1655 1749 1710 1781 pro
1747 1738 1878 1770 mercede
1912 1738 2040 1772 animae

1276 1787 1394 1828 nostrae
1429 1787 1550 1821 vadum
1587 1800 1682 1820 unum
1720 1787 1753 1820 in
1783 1789 1872 1821 Pado
1909 1790 1951 1822 ad
1986 1788 2040 1834 pi-

1212 1833 1245 1866 D
1272 1837 1454 1882 scandum,
1503 1837 1560 1872 ubi
1605 1838 1785 1872 nominatur
1825 1838 2040 1885 Caputlafl'i,

1277 1889 1439 1923 habentem
1468 1889 1633 1922 terminum
1665 1890 1844 1936 superiorem
1871 1891 1914 1924 loc
1925 1914 2044 1925 ......

1277 1940 1446 1982 Gebidasco
1460 1954 1480 1982 ‚·
1516 1940 1590 1974 inde
1625 1942 1775 1985 percurrit
1813 1944 1857 1975 ad
1891 1955 1958 1974 curn
1995 1941 2044 1975 lo-

1277 2004 1369 2033 cum,
1406 1992 1460 2025 ubi
1496 1991 1630 2035 ,Agonia
1671 1991 1781 2037 influit
1819 1991 1852 2025 in
1893 1994 2040 2026 Padum·

1278 2043 1479 2076 Concedimus
1517 2045 1611 2076 etiam
1649 2043 1682 2076 in
1717 2043 1878 2087 praediHo
1906 2054 2041 2075 venera-

1278 2093 1339 2127 bili
1367 2093 1558 2135 Monasterio
1579 2094 1699 2136 insulas
1726 2093 1818 2131 iuxta
1843 2090 2042 2134 praediffam

1276 2144 1478 2191 piscationem
1496 2158 1533 2177 ex
1552 2154 1680 2187 utraque
1705 2153 1795 2188 parte
1817 2142 1900 2175 Padi
1915 2169 1924 2183 ‚
1946 2141 2041 2189 quid·

1278 2194 1357 2241 quid
1382 2194 1513 2239 antiquo
1540 2204 1671 2236 tempore
1698 2193 1780 2226 idem
1809 2192 2038 2234 Monasserium

1276 2245 1329 2287 seu
1356 2245 1496 2277 moderno
1520 2245 1575 2276 vel
1605 2245 1710 2277 Padus
1738 2243 1858 2281 invasit
1874 2270 1884 2285 ‚
1911 2253 1967 2276 aut
2001 2242 2037 2276 itt

1274 2294 1418 2338 futurum
1447 2294 1600 2338 inruperit
1620 2297 1658 2327 de
1683 2294 1816 2339 propriis
1844 2292 1937 2338 ipsius
1960 2294 2038 2326 Mo-

1280 2346 1407 2385 nalterii
1442 2348 1530 2378 rebus
1550 2374 1556 2382 .
1588 2344 1657 2389 fine
1693 2344 1841 2388 Nebiasro
1876 2343 1967 2389 usquc
1994 2343 2040 2377 ad

1273 2395 1420 2442 fluvium
1447 2397 1605 2443 Agonia,
1643 2396 1755 2430 deinde
1783 2395 1846 2438 ip'e
1876 2393 1957 2437 finis
1984 2395 2040 2427 de·

1275 2447 1399 2493 stendit
1436 2448 1468 2481 in
1507 2448 1630 2482 Padum
1639 2472 1794 2483 ........
1831 2442 2039 2492 Caputlaf‘li,

1252 2500 1261 2548 Ι
1284 2508 1438 2546 quantum
1486 2499 1569 2535 idem
1617 2496 1847 2543 Monasterium
1898 2493 2044 2541 preterito

1862 2555 1994 2593 tempore
