2232 3089
455 198 539 237 227
804 177 1182 237 ANTJQUJT.
1211 178 1426 225 MEDH
1454 177 1622 223 AEV]
1881 183 1966 226 ηε

446 240 612 278 Comites
632 248 747 276 autern
770 238 980 278 sabaudiae,
1000 239 1062 286 qui
1080 241 1156 274 Du-
1193 243 1240 281 A]
1265 239 1324 274 Ad
1347 239 1430 275 haec
1455 238 1635 276 Civitates
1661 238 1826 280 Italicae,
1848 241 2028 290 postquam

393 293 504 329 calem
534 291 645 340 postea
684 304 722 326 ac
762 289 911 338 Regium
939 291 1078 324 tandem
1108 289 1157 324 ti·
1265 290 1485 326 Libertatem
1514 291 1574 326 fibi
1610 290 1861 336 vendicarunt,
1890 292 2026 341 Sigillis

392 344 510 379 tulum
549 340 785 378 nobiliffimae
824 342 858 375 &
895 339 1156 386 antiquiffimae
1266 340 1341 376 asta
1370 341 1426 377 sua
1454 341 1583 391 signare
1619 341 1892 378 consueverunt.
1926 345 2029 378 Non-

394 393 568 430 Familiae
596 393 673 428 suae
701 392 928 430 addiderunt,
954 389 991 425 in
1020 391 1156 438 Sigillis
1266 392 1382 428 nullae
1406 393 1442 427 in
1469 393 1514 428 iis
1540 393 1732 441 imaginem
1759 392 1876 428 San&i
1906 395 2028 429 Patro-

393 444 464 480 suis
487 445 546 480 diu
572 443 744 480 retinuere
771 441 915 490 figuram
943 439 1080 475 Militis
1103 454 1156 475 ar-
1268 443 1304 477 ni
1326 441 1376 477 sui
1402 444 1645 486 collocabant,
1667 443 1787 479 addito
1812 442 1908 479 versu
1935 446 2030 479 Leo-

392 494 506 539 mati‚
530 494 568 531 &
595 495 631 530 in
656 507 746 540 equo
771 500 928 527 currente
956 490 1155 527 infidentis.
1266 493 1371 527 nino.
1398 493 1462 528 Uti
1491 493 1769 541 Benvoglientus
1798 508 1859 529 nos
1888 494 2030 530 monuit

391 547 567 593 Exempla
611 545 761 592 prostant
798 542 835 577 in
876 543 996 576 Tomo
1040 541 1155 589 primo
1266 541 1303 578 in
1330 543 1438 578 Notis
1464 545 1504 578 ad
1526 543 1734 581 Chronicon
1762 544 1929 588 Senense,
1953 546 2029 580 To-

392 596 526 633 Hister.
555 595 744 642 Genealog.
774 591 917 628 sabaud.
946 606 964 628 a
1000 591 1156 630 Guiche-
1267 605 1326 627 mo
1365 595 1442 628 XV.
1472 607 1546 641 pag.
1586 607 1644 642 32.
1684 598 1762 630 Rer.
1801 595 2029 639 Italicarum,

392 646 504 682 nonio
541 644 782 693 conscriptae,
820 643 881 691 qui
923 651 1040 679 tamen
1077 642 1154 691 opi·
1267 643 1420 684 Senensis
1459 644 1666 692 Respublica
1704 645 1832 692 Sigillo
1868 647 2030 682 utebatur

393 697 501 733 nione
539 696 655 746 potius
683 696 787 742 qu3m
825 693 918 729 certi
951 692 1155 741 cognitione
1184 697 1228 731 :B
1268 693 1480 742 praeferente
1516 694 1669 743 effigiem
1709 695 1870 743 Virginis
1902 695 2031 742 Deipa-

391 747 543 792 du&us‚
570 749 726 782 Amedeos
755 746 884 781 multos
913 744 1063 793 ejusdem
1094 757 1155 779 no-

393 797 502 832 minis
539 797 742 846 distingust,
771 805 876 844 atque
903 795 940 831 in
977 794 1023 832 iis
1051 794 1153 842 Sigil-

392 847 438 883 Lis
462 847 613 897 singulos
636 860 699 896 pro
721 846 780 883 suo
805 846 953 883 arbitrio
977 844 1156 894 agnoscit.
1177 861 1183 885 ι
1208 844 1210 847 ’

1266 756 1343 782 rae,
1365 756 1442 779 cum
1468 757 1572 791 puero
1595 744 1672 787 Jesu
1697 745 1734 780 in
1757 746 1871 792 ulnis,
1891 745 1929 783 ἂ
1954 759 2030 782 ver-

1267 793 1303 829 su
1331 793 1622 843 circumscripto:

567 949 766 985 SALVET
793 948 950 983 VIRGO
976 947 1173 990 SENAM,
1201 947 1356 992 QVAM
1383 948 1571 983 SIGNAT
1598 948 1855 984 AMENAM.

395 1049 557 1098 Aliquod
587 1049 681 1087 aliud
711 1050 856 1085 verbum
885 1047 1043 1096 exposcit
1070 1046 1208 1091 versuS,
1236 1056 1340 1095 arque
1367 1046 1508 1084 adfuisse
1535 1048 1622 1084 olim
1655 1057 1739 1097 puto
1767 1048 1921 1097 exempli
1949 1062 2028 1097 gra-

394 1102 446 1137 ti&
473 1103 626 1147 QVAM
661 1103 787 1136 {ESVS
814 1109 873 1136 aut
902 1101 1072 1135 NATVS
1099 1097 1169 1133 ἃς.
1199 1099 1238 1131 In
1269 1099 1512 1134 vetustioribus
1543 1109 1659 1135 autern
1689 1100 1824 1149 Sigillis
1861 1100 2023 1136 Senenscs

393 1151 577 1197 Castrum,
605 1151 673 1187 five
703 1151 839 1187 Urbem
867 1150 1093 1186 delineabant
1121 1161 1199 1183 cum
1229 1147 1336 1183 hocce
1363 1149 1550 1184 verficulo:

570 1230 663 1264 VOS
692 1228 901 1262 VETERIS
928 1226 1088 1261 SENAE
1114 1225 1309 1259 SIGNVM
1339 1224 1583 1259 NOSCATls
1610 1227 1854 1262 AMENAE.

445 1303 500 1340 Ita
528 1303 759 1340 ferrarienses
787 1302 854 1337 suis
893 1301 929 1336 in
968 1298 1105 1347 sigillis
1131 1299 1320 1348 expressere
1356 1299 1549 1348 imaginem
1577 1299 1695 1335 SanElzi
1732 1298 1880 1348 Georgii
1910 1307 2028 1348 prote-

393 1353 502 1392 aeris
529 1354 604 1398 sui,
631 1352 787 1401 apposito
814 1351 878 1387 isto
905 1350 1025 1387 versu:

607 1429 906 1465 FERRARIAM
935 1427 1090 1463 CORDI
1118 1428 1318 1463 TENEAS
1345 1429 1378 1461 Ο
1405 1428 1570 1462 §ANTE
1598 1427 1811 1460 GEORGt.

394 1505 557 1552 Εᾶγροη
585 1506 687 1555 hujus
716 1503 855 1552 sigilli.
884 1502 976 1549 quod
1015 1501 1051 1536 in
1080 1500 1141 1537 suo
1168 1500 1294 1537 Museo
1329 1499 1487 1537 adservat
1516 1512 1625 1549 nuper
1660 1499 1820 1538 laudatus
1855 1500 2030 1538 Baruss'al-

396 1557 499 1604 dius,
525 1556 717 1595 Leaorum
744 1552 857 1591 oculis
883 1550 1053 1601 subjicio·

1887 2564 1975 2605 cla-
