2232 3089
480 238 568 287 995

822 222 1246 266 HISTORIAE
1287 221 1670 267 ROMANAE

1916 234 2005 284 926

420 294 563 322 tanne,
592 295 635 318 co
663 282 690 318 li
718 283 825 319 molti
856 282 1039 331 proventi.
1068 283 1121 318 La
1143 281 1192 318 fe·
1228 284 1274 336 A,
1293 281 1502 328 speHabilis.
1528 284 1578 319 Ibi
1603 285 1684 320 duas
1706 285 1932 331 pulcherrimas
1958 293 2062 324 Arces-

424 348 464 370 ce
500 334 560 369 doi
599 334 785 369 belliffime
825 335 985 377 Rocche,
1026 335 1059 368 le
1095 332 1194 380 quali

426 384 463 420 fi’
493 399 509 419 a
538 388 574 420 1ο
603 386 659 420 ὼε
687 388 728 420 de
755 385 836 431 hoje
872 399 911 420 ce
948 385 1038 420 staco
1056 410 1063 419 .
1105 383 1193 419 Puoi

424 436 531 472 voize
557 450 576 471 e
605 436 677 471 fece
701 448 771 470 uno
799 435 846 470 sxo
873 445 1001 483 nepote
1028 434 1193 470 Marche-

425 487 487 528 se,
516 501 534 522 e
563 488 752 522 mannaolo
780 499 798 521 a
827 488 1007 521 Macerata
1036 500 1076 534 pe
1104 488 1193 522 Cor-

424 547 560 574 retrore
588 539 629 572 de
658 541 691 572 13
719 539 861 573 Max-ca.
893 537 980 572 Puoi
1009 537 1193 573 connesce-

426 588 463 624 se
490 602 508 624 e
536 588 808 624 descretamente
830 588 1006 637 provedeo
1026 602 1044 624 3
1064 589 1091 623 1ἰ
1114 590 1192 623 Ma—

427 639 566 683 latesti,
594 640 657 676 che
686 640 856 685 poteffero
885 639 1006 675 vivere
1043 640 1192 674 honora-

427 699 464 725 ta
487 704 504 725 e
526 693 780 738 gentilemente
799 691 841 726 de
861 692 940 725 loro
960 690 1091 726 frutto.
1111 689 1187 726 Las*

1272 340 1275 347 '
1298 335 1440 379 Legatus
1468 333 1633 375 construxit
1646 360 1657 376 ‚
1694 350 1772 384 quae
1807 338 1851 372 ad
1880 338 2062 374 hodiernum

1299 385 1393 430 usque
1433 384 1517 418 diem
1553 386 1741 431 supersunt.
1784 392 1934 435 Nepotem
1969 392 2063 435 suum

1298 435 1457 476 constituit
1501 435 1736 483 Marchionem,
1777 441 1821 474 (9¹
1863 443 2063 477 Maceratam

1299 484 1384 526 misit
1409 486 1616 521 commum
1643 489 1807 525 Moechiae
1833 491 1927 526 totlus
1942 517 1953 528 .
1981 495 2063 528 Ma-

1297 535 1417 577 latestis
1447 537 1647 584 indulgenter
1672 552 1709 574 ac
1730 542 1862 587 provide
1897 544 2034 589 eoneeffit
2049 567 2061 584 ‚

1297 596 1334 620 ut
1359 599 1396 620 ex
1419 588 1544 634 proprio
1570 602 1670 623 eorum
1695 592 1783 634 censu
1807 593 1927 636 honeste
1953 596 2064 629 decen-

1297 646 1401 684 terque
1426 637 1544 684 paffent
1570 639 1704 676 vivere.
1741 642 1822 687 Ipsis
1855 644 1987 690 pingues
2015 645 2062 683 (9·

1296 688 1426 722 celebres
1452 701 1584 736 quatuor
1606 690 1727 736 Urbes,
1753 694 1965 738 Ariminum,
1993 698 2063 730 Fa-

426 740 516 776 saoli
545 752 688 789 quattro
717 742 807 777 bone
834 755 852 777 e
879 740 1010 777 famose
1036 740 1195 784 Cittati,
1219 733 1274 786 ‘'B*
1297 751 1394 782 num,
1422 742 1611 784 Pisaurum:
1640 741 1685 780 0&
1714 745 1832 778 Forum
1858 746 2062 791 Sempronii,

426 792 619 834 Arimine‚
649 796 771 838 Fano,
802 792 948 835 pesato,
984 805 1003 828 e
1042 791 1194 827 Fossam-

426 843 562 881 bruno:
602 855 747 892 quattro
784 843 962 879 notabbili
990 856 1009 879 e
1038 842 1195 889 potet-ose

425 895 564 932 Terre.
603 896 692 932 Puoi
721 894 750 931 li
778 894 851 931 fece
879 894 1064 942 Capitanii
1091 894 1134 929 de
1162 894 1195 929 la
1224 907 1235 913 ’

430 944 574 982 Chiefia
601 957 723 983 contra
752 947 779 982 li
807 945 950 982 rebelli.
982 943 1074 980 Po’a
1097 943 1194 991 ques-

427 995 462 1031 se
500 998 576 1034 cose
614 997 777 1034 moveose
815 1011 834 1032 a
871 996 1004 1044 majure
1040 994 1149 1037 fatti,
1176 1008 1194 1029 e

428 1049 646 1084 movimenti
684 1048 781 1084 fare.
817 1050 886 1082 Era
921 1048 960 1082 in
999 1045 1195 1094 Romagnia

429 1111 502 1133 uno
540 1099 671 1148 perfido
698 1112 805 1142 cane,
843 1098 1026 1146 paratino,
1063 1097 1195 1132 rebelle

428 1148 472 1185 de
499 1152 534 1186 la
561 1154 667 1187 Santa
695 1148 832 1187 Chiefia
849 1176 858 1185 .
887 1150 1022 1184 Trenta
1050 1147 1133 1183 anni
1160 1160 1194 1181 e-

1296 790 1428 824 validas
1455 792 1498 825 Θ·
1525 792 1682 828 notabiles
1708 793 1891 838 Civitates,
1919 797 2062 831 admini-

1291 839 1443 881 strandas
1469 842 1616 888 reliquit.
1644 845 1840 885 Postmodum
1866 859 1914 880 eos
1941 847 2064 883 creavit

1296 890 1452 932 Ecclesiae
1479 894 1581 926 Duces
1607 895 1762 928 adversus
1786 898 1983 939 perduelles.
2011 901 2063 932 E-

1295 940 1390 975 xinde
1424 943 1469 975 ad
1504 942 1625 987 majora
1657 945 1856 989 suscipienda
1892 961 1928 982 ae
1963 947 2064 993 perfi-

1294 990 1406 1025 cienda
1439 993 1611 1038 progreffus
1636 996 1700 1034 eft.
1736 997 1774 1027 In
1794 996 1965 1031 &omunia
1989 1008 2061 1042 per-

1287 1039 1382 1085 fidus
1407 1042 1539 1088 quidam
1566 1042 1673 1081 canis,
1700 1042 1898 1088 haereticus,
1926 1046 1970 1079 (9¹
1996 1049 2062 1081 Ec-

1294 1090 1402 1132 elefiae
1436 1092 1581 1131 rebellis,
1618 1103 1710 1128 erat.
1746 1093 1807 1130 Ab
1845 1095 2060 1140 Ecclefiastica

1293 1143 1502 1176 communione
1527 1142 1623 1178 annis
1649 1143 1785 1191 triginta
1807 1146 1972 1192 sejunc‘lus
1987 1174 1999 1192 ,
2026 1162 2059 1183 e-

427 1213 466 1236 ra
487 1202 573 1237 stato
601 1201 905 1250 scommunicat03
937 1199 1124 1234 interditto
1149 1197 1195 1231 fio
1228 1200 1263 1238 C
1289 1191 1345 1236 jus
1381 1193 1503 1239 regione
1541 1194 1704 1241 religionis
1737 1196 1860 1232 diibus
1895 1199 2059 1245 privata,

428 1253 563 1300 pajese,
591 1253 690 1289 senza
731 1252 842 1288 Meffa
880 1260 1037 1285 cantare.
1076 1247 1196 1282 Moite

428 1304 541 1340 Terre
569 1315 694 1340 teneva
731 1310 900 1347 occupate
934 1299 977 1333 de
1014 1299 1048 1332 la
1085 1297 1192 1333 Chic-

428 1353 497 1400 fia,
526 1358 560 1391 la
587 1356 725 1391 Citcate
751 1352 795 1387 de
822 1351 941 1388 forn,
979 1349 1013 1383 la
1052 1347 1195 1383 Cittate

422 1405 468 1441 de
506 1406 685 1447 Cesenna,
722 1401 1019 1448 Forlimpop010,
1058 1398 1195 1434 castro-

424 1469 507 1492 caro
526 1484 535 1497 ,
563 1457 796 1498 Brettenoro,
836 1451 950 1487 lmola
967 1478 977 1495 ‚
1014 1463 1034 1486 e
1061 1449 1193 1486 Giazo—

424 1508 484 1543 lo.
510 1508 627 1542 Tutte
654 1506 769 1554 queffe
795 1513 921 1540 teneva
937 1527 948 1541 ‚
975 1515 994 1537 e
1021 1500 1193 1537 tirannia-

422 1569 503 1601 va,
543 1557 645 1593 senza
691 1556 803 1592 moite
849 1554 938 1589 aitte
979 1550 1132 1588 Castella
1174 1566 1192 1588 e

420 1610 720 1652 Communanze,
757 1608 790 1642 le
827 1604 924 1654 quali
961 1615 1066 1639 erano
1093 1603 1135 1638 de
1161 1603 1191 1639 li

421 1660 584 1708 paesani.
621 1662 689 1695 Era
717 1658 836 1707 queffo
864 1653 1053 1691 ancesco
1080 1653 1189 1690 homo
1211 1660 1259 1695 ,D

420 1710 628 1760 desperato.
666 1713 790 1747 Havea
825 1707 910 1744 odio
937 1705 1086 1741 mortale
1114 1719 1132 1741 a
1159 1705 1187 1741 li

422 1763 579 1807 Prelati,
607 1759 860 1798 recordannose
889 1756 952 1792 che
988 1756 1020 1805 j&
1048 1755 1084 1791 fb
1114 1769 1185 1791 ma-

417 1813 453 1849 le
483 1823 615 1849 tratato
642 1813 685 1848 da
718 1813 754 1847 lo
781 1812 918 1858 Legato
947 1808 1065 1842 antico
1093 1806 1186 1842 Mis-

419 1862 496 1900 sore
524 1863 717 1900 Betrannio
753 1861 794 1896 da
830 1862 868 1895 lo
900 1859 1025 1907 Pojeto
1053 1860 1184 1894 Carde-

417 1917 499 1951 nale
525 1916 568 1950 de
595 1913 739 1950 Hostia.
768 1914 852 1949 Non
880 1912 1007 1946 voleva
1026 1911 1065 1943 de
1091 1920 1184 1944 cetero

416 1966 540 2002 vivere
568 1979 587 2001 3
613 1964 824 1999 descritione
845 1965 887 1998 de
915 1961 1047 1996 Prieti.
1077 1962 1182 1997 stava

416 2015 551 2065 perfido
566 2017 729 2052 Tiranno
739 2014 890 2049 ostinato
902 2039 910 2048 .
928 2012 1057 2058 Queffo
1073 2013 1180 2046 Fran-

415 2066 538 2111 cesco,
564 2079 707 2115 quanno
736 2065 848 2101 sentio
875 2065 908 2099 le
932 2074 1099 2111 campane
1127 2061 1180 2097 so-

1294 1240 1413 1288 Mtffae
1437 1243 1591 1288 sacrificio
1619 1245 1783 1281 interdieta
1799 1274 1809 1291 ‚
1846 1250 1963 1285 multas
1998 1250 2058 1284 Ci-

1292 1294 1411 1328 vitates
1457 1294 1668 1338 Ecclefiastico
1716 1298 1852 1333 dominio
1897 1301 2057 1346 surreptas
2090 1330 2096 1336 ,

1289 1354 1345 1390 per
1373 1344 1408 1379 id
1433 1347 1577 1392 temporis
1605 1350 1770 1392 occupabat
1785 1375 1794 1384 .
1821 1352 1859 1384 In
1887 1353 1970 1385 Foro
1996 1351 2058 1386 Li-

1292 1394 1364 1438 vii,
1392 1397 1550 1441 Caesena,
1578 1400 1660 1432 Foro
1686 1400 1860 1445 Pompilii,
1887 1397 2056 1446 Salsubio,

1293 1448 1376 1481 F0ro
1402 1449 1653 1484 druentinorum
1670 1473 1681 1489 ‚
1709 1453 1791 1485 Foro
1817 1453 1981 1491 Cornelii,
2008 1451 2055 1490 &⁶

1291 1498 1448 1542 Glazzolo
1472 1525 1483 1543 ,
1527 1500 1569 1533 Θ·
1607 1500 1752 1545 pluribus
1791 1502 1866 1536 aliis
1907 1501 2055 1544 Castris,

1290 1549 1421 1595 oppidis
1436 1576 1447 1593 ‚
1477 1550 1559 1584 Vicis
1576 1575 1587 1591 ,
1615 1550 1662 1589 ἔφ’
1688 1550 1912 1586 Communibus
1929 1579 1939 1597 ,
1976 1566 2055 1600 quae

1290 1610 1555 1635 conterraneorum
1594 1602 1722 1637 illarum
1757 1603 1898 1650 partium
1934 1615 2052 1649 erant,

1288 1650 1451 1696 tyrannice
1490 1651 1711 1687 dominabatur
1735 1678 1744 1688 .
1788 1654 1974 1695 Franciscus
2013 1656 2053 1690 de

1287 1700 1458 1746 Ordelaffis
1492 1703 1681 1739 vocabatur.
1717 1705 1750 1738 Is
1785 1707 1828 1739 ad
1863 1704 2057 1751 desperatio-³

1287 1764 1356 1785 nem
1390 1751 1546 1791 adaHus,
1582 1753 1736 1797 mortifero
1771 1755 1841 1788 odio
1876 1755 2053 1798 Antistites

1283 1802 1543 1849 persequebatur,
1571 1817 1663 1851 quum
1691 1807 1920 1850 recordaretur,
1947 1822 1968 1842 a
1989 1811 2052 1842 Le-

1281 1863 1360 1899 gato
1386 1854 1523 1888 Domino
1542 1857 1720 1891 Bertrando
1738 1860 1777 1891 de
1796 1860 1948 1905 Poggetto
1967 1860 2051 1893 Car-

1284 1905 1392 1938 dtnale
1418 1904 1549 1946 Ostiensi
1578 1906 1613 1951 Je
1647 1908 1766 1942 dudum
1792 1909 1873 1943 male
1906 1908 2050 1944 habitum

1279 1953 1393 2000 fuiffe.
1429 1956 1708 1999 Ecclefiaflieorum
1743 1963 1968 1995 moderatorum
1994 1973 2050 1995 ar-

1285 2005 1381 2040 bitrio
1416 2008 1527 2041 vivere
1567 2009 1709 2045 nolebat.
1745 2010 1937 2055 obfirmatus
1973 2011 2048 2047 ani-

1284 2070 1332 2090 mo
1346 2084 1356 2100 ‚
1400 2059 1602 2103 tyrannidem
1635 2060 1730 2105 suam
1769 2064 1945 2097 exercebat.
1987 2061 2050 2096 Hie

416 2129 499 2154 nare
526 2131 545 2154 3
573 2119 608 2153 13
635 2115 997 2153 Γεοῐηωυῃίεαῐὶοηε,
1033 2116 1075 2148 de
1103 2111 1180 2148 sub—
1219 2117 1249 2151 E
1283 2108 1468 2154 franciscus
1506 2123 1600 2156 quum
1636 2122 1819 2159 campanam
1855 2116 1900 2148 ad
1933 2124 2047 2147 encom-

413 2167 498 2203 beto
526 2168 599 2203 fece
634 2167 755 2203 sonare
788 2167 822 2202 le
858 2165 948 2201 aitte
985 2176 1179 2210 campane,

411 2231 432 2254 e
459 2218 721 2254 scommunicao
750 2219 786 2252 lo
816 2219 929 2264 Papa,
966 2229 986 2251 e
1019 2215 1049 2250 li
1087 2213 1174 2250 Car-

412 2269 552 2305 denali.
590 2273 640 2309 E,
667 2269 731 2305 che
760 2269 838 2317 pejo
864 2269 924 2306 Ῐὸ,
961 2265 1034 2302 fece
1059 2265 1178 2301 ardere

413 2331 433 2355 e
461 2321 552 2369 Papa
571 2348 580 2364 ,
617 2334 635 2355 e
662 2319 854 2356 Cardenali
891 2319 929 2354 in
969 2318 1121 2360 Piazza,
1148 2316 1177 2352 li

413 2370 514 2419 quali
539 2384 645 2406 erano
672 2370 714 2406 de
741 2380 836 2406 carta
864 2368 962 2418 pieni
989 2369 1031 2404 de
1059 2366 1176 2402 fieno.
1200 2346 1203 2401 1

414 2423 547 2457 Stanno
574 2435 593 2458 a
620 2421 815 2456 rascionare
850 2434 892 2455 co
929 2418 956 2454 li
995 2418 1112 2466 jentili
1140 2431 1175 2453 a-

413 2472 501 2508 mici
529 2473 587 2509 fiel
613 2472 758 2507 diceva:
789 2474 868 2506 Ecce
894 2471 944 2504 ebe
964 2472 1047 2514 Jeme
1077 2469 1169 2513 soom*

413 2525 592 2560 manicati.
627 2525 702 2558 Non
735 2534 792 2567 per
817 2532 906 2556 tanto
930 2521 963 2554 le
995 2530 1078 2564 pane
1095 2546 1106 2563 ,
1142 2520 1176 2554 la

411 2586 527 2620 earne,
552 2576 583 2610 le
608 2574 709 2618 vino,
733 2574 787 2609 che
812 2572 940 2608 beverne
949 2597 961 2616 ,
988 2584 1049 2657 nebu
1068 2584 1098 2605 ce
1119 2570 1176 2615 sao

1044 2633 1125 2665 one,

1283 2159 1524 2195 manicationem
1548 2164 1702 2197 adversus
1727 2163 1763 2208 se
1789 2163 1890 2208 ipsum
1922 2160 2045 2208 pulsari

1282 2210 1437 2254 audivit,
1460 2212 1606 2258 protinus
1629 2212 1742 2259 juffit,
1768 2223 1805 2248 ut
1829 2223 1943 2247 ceterae
1960 2225 2044 2246 eam-

1279 2272 1383 2308 panae
1418 2274 1655 2310 concreparent,
1691 2265 1734 2298 &¹
1767 2261 1950 2307 Pontificem
1976 2275 2045 2296 cum

1281 2313 1511 2348 cardinalibus
1536 2315 1744 2349 communione
1777 2314 1930 2360 privavit
1945 2338 1954 2347 .
1981 2313 2044 2347 Ad

1276 2363 1386 2409 pejora
1411 2364 1577 2407 dilapsus,
1602 2363 1773 2398 mandavit
1788 2390 1797 2407 ,
1833 2374 1869 2396 ut
1896 2362 2044 2410 efforma-

1279 2424 1329 2447 tae
1357 2427 1373 2448 e
1400 2414 1509 2448 charta
1545 2414 1588 2447 <9
1617 2413 1710 2458 foeno
1745 2414 1896 2461 imagines
1933 2416 2042 2460 Papae

1279 2462 1326 2502 &¹
1352 2464 1579 2499 Cardinalium
1604 2466 1677 2512 igne
1704 2466 1737 2498 in
1764 2466 1879 2500 Platea
1918 2465 2042 2509 publice

1277 2516 1538 2550 comburerentur.
1565 2518 1646 2550 Cum
1672 2516 1816 2562 ingenuis
1840 2515 1949 2551 amicis
1970 2515 2041 2561 suis

1276 2567 1429 2613 colloquia
1452 2566 1582 2611 miscens
1605 2568 1746 2613 ajebat:
1783 2568 1859 2604 Nos
1894 2566 2042 2603 anathe-

1894 2625 1988 2652 mate
