2232 3089
459 183 537 222 143
796 168 1172 227 ANTIQUI:
1211 165 1428 210 MEDII
1463 167 1629 211 AEVJ

1200 229 1234 264 A
1271 227 1502 276 gamprandus
1532 228 1728 266 Notarius.
1760 231 1895 267 AE’tum
1925 235 2036 269 Saler-

395 226 504 260 rabitis
529 224 823 275 Archiepiscopus
845 228 984 273 praeest,
1013 242 1066 272 pm
1084 240 1158 275 par-

394 286 427 311 te
469 277 550 311 dissi
593 278 841 324 Arcbiepiscopii
887 279 1021 321 ostendit
1066 292 1161 313 unum

393 329 618 374 Praeceptum,
646 330 727 374 quod
752 329 953 364 continebat:
981 332 1020 363 ln
1043 330 1159 365 nomi-

395 389 440 413 ne
469 377 617 414 Domini
641 378 708 414 Dei
731 379 921 415 Salvatoris
948 379 1024 423 Jesu
1053 379 1158 415 Chri—

395 427 459 464 sti.
490 431 564 465 Nos
603 430 778 466 Dominus
808 430 862 466 vir
898 429 1160 479 gloriosissimus

395 478 593 516 Sicenolfus
639 481 705 516 Dei
748 481 972 528 providentia
1013 482 1158 529 Longo-

396 529 581 566 bardorum
610 531 724 579 gentis
755 531 942 579 PrincepS,
982 545 1043 580 pro
1071 531 1160 567 salu-

396 581 443 615 tis
471 594 610 616 animae
637 581 790 625 nostrae,
817 583 851 618 &
880 596 922 618 ex
952 583 1067 632 gentis
1095 595 1157 618 no-

395 629 478 668 strae
516 630 743 672 salvationis,
783 646 842 680 per
877 644 1038 680 rogatum
1076 633 1160 669 Gri-

396 682 531 717 moaldi
559 683 699 719 Comiti
727 682 823 719 fideli
862 685 998 724 nostro,
1035 697 1158 720 conce-

397 732 513 767 dimus
556 733 594 768 in
636 734 826 783 Episcopio
877 735 1022 771 Saneiae
1064 734 1160 771 Sedis

396 782 636 819 salernitanae
658 785 851 827 Ecclesiae,
877 786 937 821 ubi
965 799 1056 822 nunc
1079 788 1161 831 Ayo

394 833 589 881 Episcopus
618 835 763 882 praeesse
791 836 954 879 videtur,
983 837 1161 873 Monaste-

395 883 452 919 rio
480 885 599 920 Sanffi
630 885 725 921 Petri
752 887 794 922 de
824 887 962 922 Palatio
979 914 990 931 ,
1027 888 1088 934 qui
1116 887 1160 923 est

395 933 434 969 in
462 935 642 978 Sexiline,
681 949 760 972 cum
798 936 901 973 terris
938 936 975 973 &
1016 938 1160 982 vineis,

396 986 531 1033 campis
571 987 606 1021 &
649 986 744 1023 silvis
785 987 841 1023 seu
879 988 1041 1036 pascuis,
1079 1002 1159 1024 cum

396 1034 504 1072 servis
532 1035 570 1072 ὅ(
598 1038 764 1082 ancillis,
801 1040 835 1074 8<
871 1052 1012 1075 ornnem
1052 1040 1160 1086 perti—

394 1088 555 1122 nentiam
582 1086 747 1124 infimul.
785 1092 831 1125 Et
868 1092 1092 1126 concedimus
1121 1091 1157 1126 in

394 1137 586 1184 prediEiam
639 1139 801 1175 Sanfflam
843 1140 964 1176 Sedem
1019 1142 1158 1176 Plebem

393 1186 539 1224 sanetae
582 1189 719 1226 Mariae
760 1192 802 1226 de
847 1191 1000 1228 Nuceria
1026 1218 1037 1235 ,
1079 1205 1158 1227 cum

393 1250 536 1274 omnem
567 1238 788 1276 substantiam
818 1241 935 1281 suam,
973 1255 1053 1277 cum
1092 1241 1156 1277 ser-

392 1290 448 1324 vis
477 1288 514 1327 ἃ,
543 1291 683 1326 ancillis
712 1290 749 1327 ὅ(
778 1305 919 1327 omnem
959 1292 1052 1327 suam
1083 1305 1159 1341 per-

392 1340 607 1382 tinentiam,
645 1354 750 1388 quarn
789 1341 827 1377 ὃς
856 1342 1081 1378 concedimus
1120 1344 1159 1378 in

390 1392 513 1425 eodem
543 1390 661 1426 [ειηδὶο
690 1391 882 1442 Episcopio
912 1392 1056 1429 Molina
1084 1393 1157 1443 ipsa

389 1441 429 1477 in
458 1440 570 1478 fluvio
607 1443 644 1477 in
675 1442 810 1488 Lirno,
847 1443 909 1490 qui
948 1444 1089 1479 fuerunt
1116 1445 1158 1479 de

390 1493 514 1529 Leone
556 1491 756 1532 Scrofella‚
797 1493 858 1540 qui
900 1493 1030 1527 habent
1071 1492 1157 1528 fines

391 1542 465 1590 ipsa
492 1553 583 1578 terra
611 1543 652 1578 de
681 1555 748 1579 una
777 1554 898 1586 parte,
927 1542 1013 1578 fines
1042 1543 1155 1591 predi—

390 1593 488 1629 &um
527 1592 657 1629 flumen
697 1594 810 1629 Lirno
838 1593 880 1629 de
907 1594 990 1630 duas
1020 1604 1156 1642 partes,

392 1654 489 1692 parte
526 1644 584 1680 via
622 1644 784 1692 publica,
821 1657 901 1680 cum
939 1654 1094 1680 areatura
1122 1646 1155 1680 ὃ(

389 1694 543 1731 sedimen
573 1694 614 1732 de
643 1694 819 1743 praediEia
848 1695 990 1731 Molina
1008 1719 1018 1735 ,
1046 1695 1084 1732 in
1117 1709 1156 1732 ea

388 1745 550 1784 ratione,
588 1754 626 1781 ut
663 1745 792 1781 amodo
829 1744 867 1783 δι
894 1746 1058 1795 deinceps
1097 1760 1157 1794 per

388 1794 457 1831 hoc
504 1796 654 1832 nostrum
697 1798 882 1832 roboreum
928 1799 1154 1845 Praeceptum

389 1846 566 1893 praedi&a
586 1847 707 1884 omnia
732 1860 821 1894 quae
849 1847 1004 1895 superius
1032 1849 1152 1898 legun-

388 1905 471 1937 tur,
512 1899 550 1933 in
588 1897 800 1945 praedifflam
839 1897 992 1936 san&am
1032 1900 1153 1935 Sedem

388 1957 589 1996 permaneat
617 1948 690 1998 ejus
722 1948 929 1986 Ressoribus
966 1949 1153 1986 dominan—

387 1998 431 2034 da
467 2009 571 2047 atque
609 1998 808 2047 possidenda
846 2001 878 2035 ὃ(
918 1999 1061 2036 fruenda
1090 2014 1154 2037 no-

387 2048 511 2089 mine,
547 2050 581 2084 &
610 2063 626 2084 a
657 2052 757 2086 nullo
784 2065 826 2087 ex
856 2051 981 2087 nostris
1018 2051 1151 2095 Iudici-

388 2099 450 2136 bus
478 2099 562 2135 idest
589 2099 797 2138 Comitibus
814 2130 824 2147 ‚
852 2102 1066 2142 Gastaldeis‚
1096 2103 1151 2139 vel

386 2162 406 2185 a
433 2151 711 2200 quibuscumque
737 2152 924 2203 agentibus
953 2153 1086 2189 abeatis
1114 2167 1151 2189 a·

387 2201 522 2247 liquam
550 2203 813 2249 requisitionem
832 2232 842 2245 ,
880 2203 935 2240 sed
963 2204 1001 2241 in
1031 2218 1149 2254 perpe-

385 2251 458 2286 tuis
494 2252 712 2300 temporibus
748 2254 891 2295 omnia,
927 2269 1016 2303 quae
1054 2255 1149 2304 supe-

386 2301 458 2338 rius
485 2302 677 2351 leguntur,
704 2304 742 2339 in
770 2305 889 2341 eadem
919 2306 1036 2344 sansta
1066 2307 1150 2343 Sede

387 2364 613 2402 permaneant
631 2381 641 2398 ‚
669 2353 719 2390 eis
749 2355 955 2392 Rerf’toribus
983 2358 1147 2392 ordinan-

386 2405 469 2439 dum
491 2414 595 2453 atque
616 2404 780 2441 securiter
801 2406 1016 2442 habendum.
1041 2407 1146 2452 Quod

385 2458 470 2490 vero
498 2456 723 2503 Praeceptum
753 2455 982 2493 conceffionis
1010 2470 1052 2492 ex
1079 2457 1147 2505 jus-

384 2504 477 2542 fione
505 2505 619 2543 diuae
643 2507 824 2544 Potestatis
852 2506 968 2557 scripsi
989 2521 1054 2559 ego
1080 2510 1147 2546 Ra-

1895 190 1977 229 144

1243 289 1340 334 4ηο,
1381 279 1538 315 Secundo
1577 283 1712 326 Anno,
1751 280 1874 319 Mense
1910 287 2037 334 Augu-

1244 327 1339 379 {st0‚
1379 332 1515 375 Quarta
1545 331 1766 368 Indifflone.
1804 335 1852 366 Er
1890 346 1957 370 erat
1985 338 2036 382 ip-

1244 386 1246 390 ’
1263 379 1335 423 Jum
1362 383 1563 428 Pmeceptum
1599 397 1683 418 cerea
1711 383 1813 418 Bulla
1845 383 1929 419 dia‘li
1965 388 2034 420 Do-

1270 431 1350 464 mini
1386 433 1546 478 Principis
1583 433 1779 469 roboratum.
1816 437 1898 469 Cum
1932 445 2035 471 autem

1270 480 1370 526 ipsum
1398 485 1599 530 Praeceptum
1635 485 1783 531 ostensum
1815 485 1912 531 suit,
1949 499 2037 534 quo-

1243 521 1246 576 ἱ
1270 531 1366 565 niam
1387 532 1622 571 diuturnitate
1643 536 1813 584 temporis
1836 537 1908 584 ejus
1925 549 2036 572 mem-

1271 580 1376 616 brana
1404 582 1441 617 in
1469 584 1674 630 quibusdam
1704 587 1793 622 locis
1821 587 1929 623 tineis
1958 600 2034 623 cor-

1243 662 1245 678 :
1268 631 1345 666 rodi
1374 633 1408 667 &
1436 633 1591 679 diffipari
1621 636 1829 680 videbatur,
1855 652 1877 672 a
1900 639 2029 682 praesa-

1268 691 1299 715 ιο
1335 684 1470 717 Domino
1495 687 1740 732 Archiepiscopo
1771 688 1935 734 provisum
1969 689 2035 732 est,

1267 742 1333 766 tam
1360 732 1460 779 ipsum
1490 736 1723 783 Privilcgium‚
1751 751 1845 785 quam
1868 739 1937 774 alia
1963 752 2033 773 mu-

1267 782 1388 818 nimina
1415 783 1498 818 dic‘li
1523 788 1778 833 Archieptscopii
1790 813 1801 828 ‚
1833 803 1914 837 quae
1940 801 2035 824 vetu—

1260 832 1344 876 state
1383 836 1529 879 temporis
1573 838 1684 884 aliqua
1724 843 1850 876 macula
1891 839 2036 886 diffipari

1266 884 1489 929 dinoscuntur,
1516 888 1561 921 ad
1586 889 1774 924 evitandum
1804 894 1952 936 futurum
1977 902 2033 937 pc-

1267 934 1399 969 riculum
1433 937 1590 972 declarari
1623 940 1750 976 debere.
1787 946 1897 989 ‚Quare
1933 941 2032 986 ipsum

1267 988 1468 1032 Praeceptum
1505 998 1602 1022 totum
1635 1001 1692 1034 per
1727 993 1865 1027 ordinem
1893 991 1926 1025 in
1952 992 2031 1025 hanc

1265 1038 1419 1071 cartulam
1455 1052 1491 1072 ex
1526 1051 1637 1085 rogatu
1674 1041 1772 1088 ipsius
1809 1041 1926 1078 Domni
1959 1044 2032 1076 Λν-

1265 1087 1448 1135 chiethcopi
1483 1100 1513 1124 te
1544 1091 1727 1134 johannem
1768 1093 1939 1129 Notarium
1973 1093 2031 1126 de-

1190 1146 1235 1185 ‘C
1265 1137 1385 1171 clarare
1407 1138 1484 1184 juffi
1502 1166 1512 1182 ,
1539 1154 1732 1182 memorans,
1763 1145 1844 1191 quod
1869 1142 2031 1185 drsturba-

1266 1196 1334 1219 tum
1359 1190 1401 1229 est
1428 1189 1546 1235 legitur
1571 1204 1682 1237 quarto
1708 1194 1828 1240 Majo,
1868 1194 1918 1229 cui
1943 1192 2030 1236 adest

1265 1237 1445 1284 Sigillum.

1317 1340 1361 1383 ἧι(
1390 1342 1462 1387 Ego
1487 1339 1542 1388 qui
1562 1341 1662 1389 fi¹pra
1688 1344 1871 1389 Landulfus
1899 1345 2030 1390 Judex.

1317 1440 1441 1485 Itaque
1469 1439 1510 1474 de
1537 1441 1763 1490 Apographis
1791 1445 1944 1492 loquor,
1973 1457 2034 1493 per

1264 1486 1426 1524 homines
1455 1488 1640 1538 imperitos
1670 1492 1793 1530 factis.
1823 1497 1906 1531 Non
1935 1496 2031 1531 enim

1264 1539 1425 1574 omnium
1467 1540 1515 1576 est
1556 1539 1769 1580 characie'res
1811 1547 1843 1580 8<
1883 1545 2032 1594 scriptu-

1264 1602 1336 1625 ram
1376 1592 1579 1628 Seculorum
1618 1594 1757 1629 rudium
1798 1595 2029 1645 intelligere;

1264 1650 1370 1688 atque
1397 1641 1434 1676 in
1467 1643 1512 1678 iis
1540 1642 1774 1681 describendis
1813 1645 1916 1683 facile
1955 1646 2033 1682 ine-

1265 1691 1417 1739 ptientes
1464 1693 1625 1730 videmus
1668 1695 1760 1744 ipsos
1801 1697 1880 1733 aevi
1922 1697 2028 1733 nostri

1266 1742 1457 1778 Notarios.
1484 1746 1538 1779 Ex
1568 1745 1662 1781 hisce
1689 1748 1862 1796 exemplis
1889 1747 2029 1784 infelici

1263 1793 1382 1829 labore
1410 1794 1604 1840 conflastis,
1632 1796 1748 1833 dicere
1776 1799 1865 1835 mihi
1894 1799 2001 1834 liceat
2018 1825 2028 1842 ,

1264 1845 1445 1892 complura
1477 1847 1631 1883 offendas
1668 1848 1705 1884 in
1744 1849 1902 1885 Bullario
1933 1848 2030 1885 Casi-

1263 1894 1355 1931 nensl
1383 1897 1606 1945 Margarini‚
1635 1908 1740 1947 atque
1769 1900 1806 1936 in
1836 1899 1941 1936 Italia
1971 1902 2031 1936 sa-

1264 1957 1321 1981 cra
1351 1947 1539 1994 Ughellii.
1576 1949 1707 1985 Eadem
1746 1950 1767 1986 si
1806 1961 1845 1988 tu
1873 1951 1913 1987 ad
1946 1964 2029 1988 exa-

1264 2009 1344 2031 men
1372 2011 1541 2043 revoces,
1570 2000 1689 2047 qualia
1727 2002 1814 2050 apud
1854 2016 1912 2038 eos
1950 2015 2029 2050 pro·

1213 2068 1224 2078 ⁴
1264 2047 1382 2092 stant,
1425 2062 1495 2084 non
1542 2049 1653 2087 deerit
1690 2051 1787 2095 tibi,
1833 2053 1923 2088 unde
1963 2052 2026 2086 illa

1265 2097 1338 2134 falfi
1375 2112 1627 2148 nonnunquam
1667 2101 1864 2136 insimules.
1893 2102 2026 2136 Verum

1267 2158 1305 2187 ut
1335 2150 1475 2184 censura
1503 2151 1624 2186 solidis
1652 2151 1787 2186 nitatur
1822 2151 2030 2187 fundamen-

1262 2201 1335 2238 tis,
1362 2200 1595 2249 Autographa
1634 2199 1706 2248 ipsa
1734 2201 1918 2238 invisenda
1946 2211 2027 2238 ante

1262 2250 1409 2290 forent,
1449 2250 1485 2285 in
1527 2250 1655 2297 quibus
1698 2251 1874 2288 interdum
1920 2252 2025 2289 aliter

1261 2310 1366 2347 atque
1406 2300 1445 2336 in
1482 2301 1709 2350 Apographis
1752 2303 1858 2339 editis
1898 2317 1950 2340 res
1992 2303 2025 2339 se

1260 2351 1384 2386 habet.
1422 2352 1500 2387 Hac
1527 2352 1569 2387 de
1605 2353 1715 2389 caussa
1753 2354 1903 2402 publicis
1940 2353 2025 2390 scri-

1262 2401 1331 2449 ptis
1360 2400 1591 2450 disceptatum
1621 2402 1690 2439 fuit
1726 2403 1820 2440 inter
1849 2405 1935 2440 duos
1962 2404 2026 2440 do-

1260 2450 1428 2489 &xffimos
1470 2466 1513 2488 ex
1551 2455 1692 2491 Amicis
1734 2455 1849 2500 meis,
1890 2454 2023 2493 Mona-

1259 2503 1342 2542 chos
1370 2504 1642 2546 Benediainos,
1679 2507 1956 2600 quorumDaItJer
1983 2506 2022 2542 P.

1871 2582 1880 2592 .
1928 2568 1967 2591 0-
