<?xml version="1.0" encoding="UTF-8"?>
<!DOCTYPE html PUBLIC "-//W3C//DTD XHTML 1.0 Transitional//EN"
    "http://www.w3.org/TR/xhtml1/DTD/xhtml1-transitional.dtd">
<html xmlns="http://www.w3.org/1999/xhtml" xml:lang="en" lang="en">
 <head>
  <title>
</title>
<meta http-equiv="Content-Type" content="text/html;charset=utf-8" />
  <meta name='ocr-system' content='tesseract 3.04.00' />
  <meta name='ocr-capabilities' content='ocr_page ocr_carea ocr_par ocr_line ocrx_word'/>
</head>
<body>
  <div class='ocr_page' id='page_1' title='image "antiquitatesital07mura_0095.png"; bbox 0 0 2232 3089; ppageno 0'>
   <div class='ocr_carea' id='block_1_1' title="bbox 262 223 340 268">
    <p class='ocr_par' dir='ltr' id='par_1_1' title="bbox 262 223 340 268">
     <span class='ocr_line' id='line_1_1' title="bbox 262 223 340 268; baseline -0.013 -8"><span class='ocrx_word' id='word_1_1' title='bbox 262 223 340 268; x_wconf 49' lang='lat'>1³63</span> 
     </span>
    </p>
   </div>
   <div class='ocr_carea' id='block_1_2' title="bbox 532 208 1500 267">
    <p class='ocr_par' dir='ltr' id='par_1_2' title="bbox 532 208 1500 267">
     <span class='ocr_line' id='line_1_2' title="bbox 532 208 1500 267; baseline -0.004 -12"><span class='ocrx_word' id='word_1_2' title='bbox 532 209 900 255; x_wconf 79' lang='lat' dir='ltr'><em>DISSERTATIO</em></span> <span class='ocrx_word' id='word_1_3' title='bbox 933 208 1500 267; x_wconf 60' lang='lat' dir='ltr'>TIGESJMAQUINCFAEJ</span> 
     </span>
    </p>
   </div>
   <div class='ocr_carea' id='block_1_3' title="bbox 1694 222 1777 256">
    <p class='ocr_par' dir='ltr' id='par_1_3' title="bbox 1694 222 1777 256">
     <span class='ocr_line' id='line_1_3' title="bbox 1694 222 1777 256; baseline 0.048 -4"><span class='ocrx_word' id='word_1_4' title='bbox 1694 222 1777 256; x_wconf 80' lang='lat'>156</span> 
     </span>
    </p>
   </div>
   <div class='ocr_carea' id='block_1_4' title="bbox 200 267 1840 317">
    <p class='ocr_par' dir='ltr' id='par_1_4' title="bbox 200 267 1840 317">
     <span class='ocr_line' id='line_1_4' title="bbox 200 267 1840 317; baseline -0.005 -6"><span class='ocrx_word' id='word_1_5' title='bbox 200 271 304 311; x_wconf 84' lang='lat' dir='ltr'>tione</span> <span class='ocrx_word' id='word_1_6' title='bbox 326 274 422 309; x_wconf 75' lang='lat' dir='ltr'>XXI.</span> <span class='ocrx_word' id='word_1_7' title='bbox 448 273 487 306; x_wconf 82' lang='lat' dir='ltr'>de</span> <span class='ocrx_word' id='word_1_8' title='bbox 522 275 616 306; x_wconf 72' lang='lat' dir='ltr'>Statu</span> <span class='ocrx_word' id='word_1_9' title='bbox 653 269 767 304; x_wconf 75' lang='lat' dir='ltr'>Italiae</span> <span class='ocrx_word' id='word_1_10' title='bbox 803 268 958 306; x_wconf 82' lang='lat' dir='ltr'>ostendi.</span> <span class='ocrx_word' id='word_1_11' title='bbox 1002 272 1047 305; x_wconf 78' lang='lat' dir='ltr'>A&#39;</span> <span class='ocrx_word' id='word_1_12' title='bbox 1076 283 1144 314; x_wconf 75' lang='lat' dir='ltr'>ne,</span> <span class='ocrx_word' id='word_1_13' title='bbox 1178 271 1208 305; x_wconf 81' lang='lat'>8&lt;</span> <span class='ocrx_word' id='word_1_14' title='bbox 1240 270 1343 316; x_wconf 69' lang='lat' dir='ltr'>quam</span> <span class='ocrx_word' id='word_1_15' title='bbox 1383 267 1547 303; x_wconf 58' lang='lat' dir='ltr'>intentis*</span> <span class='ocrx_word' id='word_1_16' title='bbox 1569 268 1684 303; x_wconf 85' lang='lat' dir='ltr'>oculis</span> <span class='ocrx_word' id='word_1_17' title='bbox 1716 274 1840 317; x_wconf 82' lang='lat' dir='ltr'>explo-</span> 
     </span>
    </p>
   </div>
   <div class='ocr_carea' id='block_1_5' title="bbox 199 321 977 2593">
    <p class='ocr_par' dir='ltr' id='par_1_5' title="bbox 199 321 977 2593">
     <span class='ocr_line' id='line_1_5' title="bbox 200 321 958 369; baseline -0.009 -6"><span class='ocrx_word' id='word_1_18' title='bbox 200 327 346 364; x_wconf 84' lang='lat' dir='ltr'>Minuta</span> <span class='ocrx_word' id='word_1_19' title='bbox 387 325 470 359; x_wconf 78' lang='lat' dir='ltr'>haec</span> <span class='ocrx_word' id='word_1_20' title='bbox 513 321 618 357; x_wconf 82' lang='lat' dir='ltr'>etiam</span> <span class='ocrx_word' id='word_1_21' title='bbox 658 321 847 369; x_wconf 78' lang='lat' dir='ltr'>diligenter</span> <span class='ocrx_word' id='word_1_22' title='bbox 884 322 958 356; x_wconf 88' lang='lat' dir='ltr'>ani-</span> 
     </span>
     <span class='ocr_line' id='line_1_6' title="bbox 199 370 960 418; baseline -0.008 -5"><span class='ocrx_word' id='word_1_23' title='bbox 199 375 448 413; x_wconf 81' lang='lat' dir='ltr'>madvertenda</span> <span class='ocrx_word' id='word_1_24' title='bbox 476 372 541 408; x_wconf 81' lang='lat' dir='ltr'>effe</span> <span class='ocrx_word' id='word_1_25' title='bbox 567 370 706 407; x_wconf 84' lang='lat' dir='ltr'>Critica</span> <span class='ocrx_word' id='word_1_26' title='bbox 738 373 804 406; x_wconf 85' lang='lat' dir='ltr'>Ars</span> <span class='ocrx_word' id='word_1_27' title='bbox 843 371 960 418; x_wconf 86' lang='lat' dir='ltr'>jubet.</span> 
     </span>
     <span class='ocr_line' id='line_1_7' title="bbox 201 423 954 475; baseline -0.008 -12"><span class='ocrx_word' id='word_1_28' title='bbox 201 428 266 464; x_wconf 87' lang='lat' dir='ltr'>Sed</span> <span class='ocrx_word' id='word_1_29' title='bbox 295 426 387 475; x_wconf 90' lang='lat' dir='ltr'>quod</span> <span class='ocrx_word' id='word_1_30' title='bbox 417 423 551 459; x_wconf 83' lang='lat' dir='ltr'>tandem</span> <span class='ocrx_word' id='word_1_31' title='bbox 584 423 680 457; x_wconf 85' lang='lat' dir='ltr'>nulla</span> <span class='ocrx_word' id='word_1_32' title='bbox 708 423 954 457; x_wconf 79' lang='lat' dir='ltr'>rationedeal-</span> 
     </span>
     <span class='ocr_line' id='line_1_8' title="bbox 202 472 952 526; baseline -0.008 -12"><span class='ocrx_word' id='word_1_33' title='bbox 202 479 274 514; x_wconf 89' lang='lat' dir='ltr'>bari</span> <span class='ocrx_word' id='word_1_34' title='bbox 311 474 441 526; x_wconf 84' lang='lat' dir='ltr'>potest,</span> <span class='ocrx_word' id='word_1_35' title='bbox 479 473 638 520; x_wconf 80' lang='lat' dir='ltr'>mihique</span> <span class='ocrx_word' id='word_1_36' title='bbox 679 472 846 516; x_wconf 73' lang='lat' dir='ltr'>postremo</span> <span class='ocrx_word' id='word_1_37' title='bbox 887 487 952 520; x_wconf 84' lang='lat' dir='ltr'>per-</span> 
     </span>
     <span class='ocr_line' id='line_1_9' title="bbox 202 523 960 572; baseline -0.008 -8"><span class='ocrx_word' id='word_1_38' title='bbox 202 528 331 569; x_wconf 68' lang='lat' dir='ltr'>suafit,‘</span> <span class='ocrx_word' id='word_1_39' title='bbox 351 538 421 561; x_wconf 86' lang='lat' dir='ltr'>non</span> <span class='ocrx_word' id='word_1_40' title='bbox 449 524 490 559; x_wconf 89' lang='lat' dir='ltr'>de</span> <span class='ocrx_word' id='word_1_41' title='bbox 517 524 704 572; x_wconf 74' lang='lat' dir='ltr'>legitimo,</span> <span class='ocrx_word' id='word_1_42' title='bbox 733 524 785 560; x_wconf 86' lang='lat' dir='ltr'>sed</span> <span class='ocrx_word' id='word_1_43' title='bbox 815 525 856 559; x_wconf 89' lang='lat' dir='ltr'>de</span> <span class='ocrx_word' id='word_1_44' title='bbox 885 523 960 570; x_wconf 88' lang='lat' dir='ltr'>spu-</span> 
     </span>
     <span class='ocr_line' id='line_1_10' title="bbox 201 574 960 624; baseline -0.008 -9"><span class='ocrx_word' id='word_1_45' title='bbox 201 579 256 615; x_wconf 83' lang='lat' dir='ltr'>rio</span> <span class='ocrx_word' id='word_1_46' title='bbox 285 578 488 623; x_wconf 86' lang='lat' dir='ltr'>Diplomate</span> <span class='ocrx_word' id='word_1_47' title='bbox 517 575 592 610; x_wconf 83' lang='lat' dir='ltr'>heic</span> <span class='ocrx_word' id='word_1_48' title='bbox 623 575 678 624; x_wconf 81' lang='lat' dir='ltr'>agi</span> <span class='ocrx_word' id='word_1_49' title='bbox 697 604 706 617; x_wconf 84' lang='grc'>,</span> <span class='ocrx_word' id='word_1_50' title='bbox 743 589 779 611; x_wconf 88' lang='lat' dir='ltr'>ea</span> <span class='ocrx_word' id='word_1_51' title='bbox 810 574 960 610; x_wconf 84' lang='lat' dir='ltr'>formula</span> 
     </span>
     <span class='ocr_line' id='line_1_11' title="bbox 201 625 960 671; baseline -0.007 -8"><span class='ocrx_word' id='word_1_52' title='bbox 201 628 340 663; x_wconf 82' lang='lat' dir='ltr'>dicendi</span> <span class='ocrx_word' id='word_1_53' title='bbox 383 627 451 661; x_wconf 80' lang='lat' dir='ltr'>est:</span> <span class='ocrx_word' id='word_1_54' title='bbox 492 627 525 660; x_wconf 77' lang='lat' dir='ltr'>t&#39;d</span> <span class='ocrx_word' id='word_1_55' title='bbox 561 625 649 659; x_wconf 53' lang='lat' dir='ltr'>nolris</span> <span class='ocrx_word' id='word_1_56' title='bbox 687 629 729 660; x_wconf 87' lang='lat' dir='ltr'>ad</span> <span class='ocrx_word' id='word_1_57' title='bbox 770 626 960 671; x_wconf 71' lang='lat' dir='ltr'>Augustalis</span> 
     </span>
     <span class='ocr_line' id='line_1_12' title="bbox 201 676 961 724; baseline -0.005 -11"><span class='ocrx_word' id='word_1_58' title='bbox 201 678 399 713; x_wconf 74' lang='lat' dir='ltr'>excellentiae</span> <span class='ocrx_word' id='word_1_59' title='bbox 440 678 558 711; x_wconf 75' lang='lat' dir='ltr'>culmen</span> <span class='ocrx_word' id='word_1_60' title='bbox 597 676 742 724; x_wconf 60' lang='lat' dir='ltr'>prcfisre</span> <span class='ocrx_word' id='word_1_61' title='bbox 787 680 961 724; x_wconf 43' lang='lat' dir='ltr'>credimus.</span> 
     </span>
     <span class='ocr_line' id='line_1_13' title="bbox 203 726 958 773; baseline -0.008 -8"><span class='ocrx_word' id='word_1_62' title='bbox 203 731 334 765; x_wconf 87' lang='lat' dir='ltr'>Datum</span> <span class='ocrx_word' id='word_1_63' title='bbox 363 726 409 762; x_wconf 88' lang='lat' dir='ltr'>est</span> <span class='ocrx_word' id='word_1_64' title='bbox 437 727 605 773; x_wconf 85' lang='lat' dir='ltr'>Diploma</span> <span class='ocrx_word' id='word_1_65' title='bbox 631 741 649 760; x_wconf 88' lang='lat' dir='ltr'>a</span> <span class='ocrx_word' id='word_1_66' title='bbox 669 726 824 767; x_wconf 76' lang='lat' dir='ltr'>Carolo,</span> <span class='ocrx_word' id='word_1_67' title='bbox 854 739 958 772; x_wconf 89' lang='lat' dir='ltr'>quum</span> 
     </span>
     <span class='ocr_line' id='line_1_14' title="bbox 204 775 963 814; baseline -0.005 0"><span class='ocrx_word' id='word_1_68' title='bbox 204 782 278 814; x_wconf 84' lang='lat' dir='ltr'>Rex</span> <span class='ocrx_word' id='word_1_69' title='bbox 317 780 564 813; x_wconf 63' lang='lat' dir='ltr'>tantummodo</span> <span class='ocrx_word' id='word_1_70' title='bbox 602 775 717 814; x_wconf 78' lang='lat' dir='ltr'>foret,</span> <span class='ocrx_word' id='word_1_71' title='bbox 755 789 792 810; x_wconf 86' lang='lat' dir='ltr'>ac</span> <span class='ocrx_word' id='word_1_72' title='bbox 823 775 963 811; x_wconf 71' lang='lat' dir='ltr'>fortasse</span> 
     </span>
     <span class='ocr_line' id='line_1_15' title="bbox 202 826 958 874; baseline -0.005 -10"><span class='ocrx_word' id='word_1_73' title='bbox 202 838 286 864; x_wconf 86' lang='lat' dir='ltr'>tunc</span> <span class='ocrx_word' id='word_1_74' title='bbox 319 841 361 862; x_wconf 89' lang='lat' dir='ltr'>ne</span> <span class='ocrx_word' id='word_1_75' title='bbox 390 826 568 874; x_wconf 77' lang='lat' dir='ltr'>cogitabat</span> <span class='ocrx_word' id='word_1_76' title='bbox 596 826 737 873; x_wconf 90' lang='lat' dir='ltr'>quidem</span> <span class='ocrx_word' id='word_1_77' title='bbox 769 827 810 861; x_wconf 89' lang='lat' dir='ltr'>de</span> <span class='ocrx_word' id='word_1_78' title='bbox 842 830 958 874; x_wconf 87' lang='lat' dir='ltr'>Augu-</span> 
     </span>
     <span class='ocr_line' id='line_1_16' title="bbox 201 876 964 926; baseline -0.001 -13"><span class='ocrx_word' id='word_1_79' title='bbox 201 879 274 914; x_wconf 84' lang='lat' dir='ltr'>stali</span> <span class='ocrx_word' id='word_1_80' title='bbox 301 876 476 926; x_wconf 81' lang='lat' dir='ltr'>dignitate</span> <span class='ocrx_word' id='word_1_81' title='bbox 502 876 760 923; x_wconf 83' lang='lat' dir='ltr'>consequenda.</span> <span class='ocrx_word' id='word_1_82' title='bbox 791 877 881 912; x_wconf 84' lang='lat' dir='ltr'>Fieri</span> <span class='ocrx_word' id='word_1_83' title='bbox 910 891 964 912; x_wconf 87' lang='lat' dir='ltr'>er-</span> 
     </span>
     <span class='ocr_line' id='line_1_17' title="bbox 202 928 962 978; baseline -0.003 -15"><span class='ocrx_word' id='word_1_84' title='bbox 202 942 247 978; x_wconf 82' lang='lat' dir='ltr'>go</span> <span class='ocrx_word' id='word_1_85' title='bbox 275 941 344 963; x_wconf 90' lang='lat' dir='ltr'>non</span> <span class='ocrx_word' id='word_1_86' title='bbox 375 928 513 975; x_wconf 80' lang='lat' dir='ltr'>potuit,</span> <span class='ocrx_word' id='word_1_87' title='bbox 542 937 581 963; x_wconf 88' lang='lat' dir='ltr'>ut</span> <span class='ocrx_word' id='word_1_88' title='bbox 611 928 637 962; x_wconf 81' lang='lat' dir='ltr'>is</span> <span class='ocrx_word' id='word_1_89' title='bbox 666 937 830 973; x_wconf 79' lang='lat' dir='ltr'>tanquam</span> <span class='ocrx_word' id='word_1_90' title='bbox 863 930 962 975; x_wconf 82' lang='lat' dir='ltr'>Impe-</span> 
     </span>
     <span class='ocr_line' id='line_1_18' title="bbox 202 978 960 1026; baseline 0 -13"><span class='ocrx_word' id='word_1_91' title='bbox 202 989 286 1014; x_wconf 76' lang='lat' dir='ltr'>rator</span> <span class='ocrx_word' id='word_1_92' title='bbox 322 981 544 1026; x_wconf 81' lang='lat' dir='ltr'>loqueretur:</span> <span class='ocrx_word' id='word_1_93' title='bbox 585 991 694 1025; x_wconf 85' lang='lat' dir='ltr'>neque</span> <span class='ocrx_word' id='word_1_94' title='bbox 733 978 880 1013; x_wconf 86' lang='lat' dir='ltr'>formam</span> <span class='ocrx_word' id='word_1_95' title='bbox 909 978 960 1013; x_wconf 88' lang='lat' dir='ltr'>di-</span> 
     </span>
     <span class='ocr_line' id='line_1_19' title="bbox 204 1028 964 1077; baseline -0.001 -13"><span class='ocrx_word' id='word_1_96' title='bbox 204 1028 305 1065; x_wconf 85' lang='lat' dir='ltr'>cendi</span> <span class='ocrx_word' id='word_1_97' title='bbox 331 1028 538 1074; x_wconf 73' lang='lat' dir='ltr'>usurpasset,</span> <span class='ocrx_word' id='word_1_98' title='bbox 560 1042 661 1077; x_wconf 78' lang='lat' dir='ltr'>quam</span> <span class='ocrx_word' id='word_1_99' title='bbox 693 1030 803 1074; x_wconf 85' lang='lat' dir='ltr'>postea</span> <span class='ocrx_word' id='word_1_100' title='bbox 828 1029 964 1065; x_wconf 84' lang='lat' dir='ltr'>Lotha-</span> 
     </span>
     <span class='ocr_line' id='line_1_20' title="bbox 204 1079 966 1128; baseline 0 -13"><span class='ocrx_word' id='word_1_101' title='bbox 204 1080 276 1116; x_wconf 85' lang='lat' dir='ltr'>rius</span> <span class='ocrx_word' id='word_1_102' title='bbox 306 1081 332 1115; x_wconf 88' lang='lat'>1.</span> <span class='ocrx_word' id='word_1_103' title='bbox 362 1079 535 1128; x_wconf 71' lang='lat' dir='ltr'>Augustus</span> <span class='ocrx_word' id='word_1_104' title='bbox 563 1080 634 1128; x_wconf 81' lang='lat' dir='ltr'>ejus</span> <span class='ocrx_word' id='word_1_105' title='bbox 663 1093 794 1127; x_wconf 85' lang='lat' dir='ltr'>nepos,</span> <span class='ocrx_word' id='word_1_106' title='bbox 832 1079 966 1127; x_wconf 85' lang='lat' dir='ltr'>aliique</span> 
     </span>
     <span class='ocr_line' id='line_1_21' title="bbox 206 1131 965 1178; baseline -0.001 -12"><span class='ocrx_word' id='word_1_107' title='bbox 206 1131 437 1178; x_wconf 82' lang='lat' dir='ltr'>Imperatores</span> <span class='ocrx_word' id='word_1_108' title='bbox 465 1131 723 1166; x_wconf 82' lang='lat' dir='ltr'>adhibuerunt.</span> <span class='ocrx_word' id='word_1_109' title='bbox 762 1134 816 1166; x_wconf 85' lang='lat' dir='ltr'>Ac</span> <span class='ocrx_word' id='word_1_110' title='bbox 848 1131 965 1177; x_wconf 85' lang='lat' dir='ltr'>proin-</span> 
     </span>
     <span class='ocr_line' id='line_1_22' title="bbox 207 1180 964 1228; baseline -0.001 -12"><span class='ocrx_word' id='word_1_111' title='bbox 207 1181 248 1216; x_wconf 77' lang='lat' dir='ltr'>de</span> <span class='ocrx_word' id='word_1_112' title='bbox 276 1180 386 1216; x_wconf 86' lang='lat' dir='ltr'>rursus</span> <span class='ocrx_word' id='word_1_113' title='bbox 415 1180 536 1217; x_wconf 84' lang='lat' dir='ltr'>mirari</span> <span class='ocrx_word' id='word_1_114' title='bbox 565 1181 680 1225; x_wconf 84' lang='lat' dir='ltr'>subit,</span> <span class='ocrx_word' id='word_1_115' title='bbox 705 1181 785 1228; x_wconf 87' lang='lat' dir='ltr'>quei</span> <span class='ocrx_word' id='word_1_116' title='bbox 815 1191 885 1216; x_wconf 87' lang='lat' dir='ltr'>tam</span> <span class='ocrx_word' id='word_1_117' title='bbox 911 1180 964 1215; x_wconf 86' lang='lat' dir='ltr'>di-</span> 
     </span>
     <span class='ocr_line' id='line_1_23' title="bbox 207 1231 967 1278; baseline -0.003 -12"><span class='ocrx_word' id='word_1_118' title='bbox 207 1231 303 1266; x_wconf 87' lang='lat' dir='ltr'>versa</span> <span class='ocrx_word' id='word_1_119' title='bbox 339 1245 357 1266; x_wconf 87' lang='lat' dir='ltr'>a</span> <span class='ocrx_word' id='word_1_120' title='bbox 396 1232 510 1278; x_wconf 85' lang='lat' dir='ltr'>primo</span> <span class='ocrx_word' id='word_1_121' title='bbox 546 1231 684 1278; x_wconf 67' lang='lat' dir='ltr'>aspezstu</span> <span class='ocrx_word' id='word_1_122' title='bbox 722 1231 893 1266; x_wconf 86' lang='lat' dir='ltr'>sententia</span> <span class='ocrx_word' id='word_1_123' title='bbox 926 1231 967 1265; x_wconf 85' lang='lat' dir='ltr'>de</span> 
     </span>
     <span class='ocr_line' id='line_1_24' title="bbox 208 1280 967 1327; baseline -0.001 -11"><span class='ocrx_word' id='word_1_124' title='bbox 208 1281 274 1318; x_wconf 91' lang='lat' dir='ltr'>hoc</span> <span class='ocrx_word' id='word_1_125' title='bbox 305 1281 509 1324; x_wconf 83' lang='lat' dir='ltr'>Diplomate</span> <span class='ocrx_word' id='word_1_126' title='bbox 537 1281 680 1327; x_wconf 83' lang='lat' dir='ltr'>sequuta</span> <span class='ocrx_word' id='word_1_127' title='bbox 708 1280 832 1316; x_wconf 83' lang='lat' dir='ltr'>fuerit.</span> <span class='ocrx_word' id='word_1_128' title='bbox 861 1281 967 1326; x_wconf 74' lang='lat' dir='ltr'>Quod</span> 
     </span>
     <span class='ocr_line' id='line_1_25' title="bbox 210 1329 966 1380; baseline -0.001 -14"><span class='ocrx_word' id='word_1_129' title='bbox 210 1331 271 1366; x_wconf 87' lang='lat' dir='ltr'>ubi</span> <span class='ocrx_word' id='word_1_130' title='bbox 308 1329 497 1364; x_wconf 63' lang='lat' dir='ltr'>confifflum</span> <span class='ocrx_word' id='word_1_131' title='bbox 535 1330 684 1374; x_wconf 83' lang='lat' dir='ltr'>statuas,</span> <span class='ocrx_word' id='word_1_132' title='bbox 722 1331 775 1366; x_wconf 82' lang='lat' dir='ltr'>uti</span> <span class='ocrx_word' id='word_1_133' title='bbox 805 1345 869 1380; x_wconf 87' lang='lat' dir='ltr'>ego</span> <span class='ocrx_word' id='word_1_134' title='bbox 905 1332 966 1365; x_wconf 72' lang='lat' dir='ltr'>sta-</span> 
     </span>
     <span class='ocr_line' id='line_1_26' title="bbox 210 1381 966 1421; baseline 0.001 -6"><span class='ocrx_word' id='word_1_135' title='bbox 210 1389 296 1421; x_wconf 73' lang='lat' dir='ltr'>tuo,</span> <span class='ocrx_word' id='word_1_136' title='bbox 336 1391 427 1414; x_wconf 82' lang='lat' dir='ltr'>certe</span> <span class='ocrx_word' id='word_1_137' title='bbox 460 1381 644 1416; x_wconf 70' lang='lat' dir='ltr'>dicendum</span> <span class='ocrx_word' id='word_1_138' title='bbox 682 1381 748 1421; x_wconf 85' lang='lat' dir='ltr'>est,</span> <span class='ocrx_word' id='word_1_139' title='bbox 785 1382 966 1417; x_wconf 84' lang='lat' dir='ltr'>vetustiffi-</span> 
     </span>
     <span class='ocr_line' id='line_1_27' title="bbox 209 1430 967 1480; baseline 0.004 -15"><span class='ocrx_word' id='word_1_140' title='bbox 209 1443 306 1466; x_wconf 88' lang='lat' dir='ltr'>mum</span> <span class='ocrx_word' id='word_1_141' title='bbox 343 1430 514 1475; x_wconf 85' lang='lat' dir='ltr'>ejusmodi</span> <span class='ocrx_word' id='word_1_142' title='bbox 552 1430 759 1476; x_wconf 87' lang='lat' dir='ltr'>figmentum</span> <span class='ocrx_word' id='word_1_143' title='bbox 797 1433 889 1480; x_wconf 75' lang='lat' dir='ltr'>effe3</span> <span class='ocrx_word' id='word_1_144' title='bbox 929 1446 967 1468; x_wconf 81' lang='lat' dir='ltr'>ac</span> 
     </span>
     <span class='ocr_line' id='line_1_28' title="bbox 210 1479 968 1529; baseline 0.001 -14"><span class='ocrx_word' id='word_1_145' title='bbox 210 1479 392 1529; x_wconf 75' lang='lat' dir='ltr'>praecipue</span> <span class='ocrx_word' id='word_1_146' title='bbox 420 1491 524 1525; x_wconf 89' lang='lat' dir='ltr'>quum</span> <span class='ocrx_word' id='word_1_147' title='bbox 555 1479 591 1513; x_wconf 92' lang='lat' dir='ltr'>in</span> <span class='ocrx_word' id='word_1_148' title='bbox 621 1488 719 1526; x_wconf 85' lang='lat' dir='ltr'>tergo</span> <span class='ocrx_word' id='word_1_149' title='bbox 748 1483 968 1516; x_wconf 83' lang='lat' dir='ltr'>membranae</span> 
     </span>
     <span class='ocr_line' id='line_1_29' title="bbox 209 1527 967 1577; baseline -0.003 -11"><span class='ocrx_word' id='word_1_150' title='bbox 209 1529 404 1566; x_wconf 63' lang='lat' dir='ltr'>charafiiere</span> <span class='ocrx_word' id='word_1_151' title='bbox 433 1528 647 1577; x_wconf 72' lang='lat' dir='ltr'>majusculo,</span> <span class='ocrx_word' id='word_1_152' title='bbox 687 1527 724 1563; x_wconf 86' lang='lat'>&amp;</span> <span class='ocrx_word' id='word_1_153' title='bbox 756 1539 836 1564; x_wconf 89' lang='lat' dir='ltr'>ante</span> <span class='ocrx_word' id='word_1_154' title='bbox 870 1531 967 1576; x_wconf 86' lang='lat' dir='ltr'>plura</span> 
     </span>
     <span class='ocr_line' id='line_1_30' title="bbox 210 1578 964 1628; baseline -0.003 -12"><span class='ocrx_word' id='word_1_155' title='bbox 210 1581 330 1616; x_wconf 76' lang='lat' dir='ltr'>Secula</span> <span class='ocrx_word' id='word_1_156' title='bbox 371 1579 554 1615; x_wconf 68' lang='lat' dir='ltr'>efformaro</span> <span class='ocrx_word' id='word_1_157' title='bbox 591 1578 759 1625; x_wconf 85' lang='lat' dir='ltr'>scriptum</span> <span class='ocrx_word' id='word_1_158' title='bbox 804 1580 964 1628; x_wconf 75' lang='lat' dir='ltr'>legatur:</span> 
     </span>
     <span class='ocr_line' id='line_1_31' title="bbox 208 1630 968 1675; baseline 0 -11"><span class='ocrx_word' id='word_1_159' title='bbox 208 1631 356 1674; x_wconf 68' lang='lat' dir='ltr'>Corfima</span> <span class='ocrx_word' id='word_1_160' title='bbox 401 1631 603 1675; x_wconf 79' lang='lat' dir='ltr'>Ep:scopatus</span> <span class='ocrx_word' id='word_1_161' title='bbox 640 1630 791 1672; x_wconf 64' lang='lat' dir='ltr'>Regenst&#39;s</span> <span class='ocrx_word' id='word_1_162' title='bbox 832 1632 968 1674; x_wconf 70' lang='lat' dir='ltr'>ejusdem</span> 
     </span>
     <span class='ocr_line' id='line_1_32' title="bbox 209 1682 968 1727; baseline 0 -12"><span class='ocrx_word' id='word_1_163' title='bbox 209 1682 325 1716; x_wconf 69' lang='lat' dir='ltr'>Karoli</span> <span class='ocrx_word' id='word_1_164' title='bbox 352 1687 395 1715; x_wconf 86' lang='lat' dir='ltr'>ad</span> <span class='ocrx_word' id='word_1_165' title='bbox 422 1682 646 1725; x_wconf 76' lang='lat' dir='ltr'>Apellenarem</span> <span class='ocrx_word' id='word_1_166' title='bbox 676 1682 887 1727; x_wconf 81' lang='lat' dir='ltr'><em>Episcopum,</em></span> <span class='ocrx_word' id='word_1_167' title='bbox 925 1683 968 1715; x_wconf 70' lang='lat'>(9⁶</span> 
     </span>
     <span class='ocr_line' id='line_1_33' title="bbox 209 1732 967 1779; baseline -0.001 -14"><span class='ocrx_word' id='word_1_168' title='bbox 209 1732 357 1779; x_wconf 66' lang='lat' dir='ltr'>qui-:quid</span> <span class='ocrx_word' id='word_1_169' title='bbox 384 1734 427 1766; x_wconf 83' lang='lat' dir='ltr'>ad</span> <span class='ocrx_word' id='word_1_170' title='bbox 455 1734 582 1765; x_wconf 78' lang='lat' dir='ltr'>eundem</span> <span class='ocrx_word' id='word_1_171' title='bbox 614 1732 834 1778; x_wconf 66' lang='lat' dir='ltr'>EpIJcopatum</span> <span class='ocrx_word' id='word_1_172' title='bbox 870 1733 967 1777; x_wconf 73' lang='lat' dir='ltr'>perti-</span> 
     </span>
     <span class='ocr_line' id='line_1_34' title="bbox 208 1782 966 1827; baseline 0.001 -10"><span class='ocrx_word' id='word_1_173' title='bbox 208 1794 280 1818; x_wconf 82' lang='lat' dir='ltr'>net.</span> <span class='ocrx_word' id='word_1_174' title='bbox 307 1784 360 1817; x_wconf 78' lang='lat' dir='ltr'>Ex</span> <span class='ocrx_word' id='word_1_175' title='bbox 387 1782 452 1816; x_wconf 87' lang='lat' dir='ltr'>hoc</span> <span class='ocrx_word' id='word_1_176' title='bbox 474 1793 586 1817; x_wconf 78' lang='lat' dir='ltr'>autem</span> <span class='ocrx_word' id='word_1_177' title='bbox 614 1783 692 1817; x_wconf 86' lang='lat' dir='ltr'>Priv</span> <span class='ocrx_word' id='word_1_178' title='bbox 713 1783 807 1827; x_wconf 70' lang='lat' dir='ltr'>legio</span> <span class='ocrx_word' id='word_1_179' title='bbox 830 1783 966 1823; x_wconf 64' lang='lat' dir='ltr'>Uehel-</span> 
     </span>
     <span class='ocr_line' id='line_1_35' title="bbox 208 1833 968 1869; baseline 0.001 -1"><span class='ocrx_word' id='word_1_180' title='bbox 208 1833 278 1869; x_wconf 82' lang='lat' dir='ltr'>lius</span> <span class='ocrx_word' id='word_1_181' title='bbox 307 1834 346 1868; x_wconf 87' lang='lat' dir='ltr'>ad</span> <span class='ocrx_word' id='word_1_182' title='bbox 379 1835 521 1868; x_wconf 89' lang='lat' dir='ltr'>Annum</span> <span class='ocrx_word' id='word_1_183' title='bbox 557 1835 804 1869; x_wconf 86' lang='lat' dir='ltr'>DCCLXXX.</span> <span class='ocrx_word' id='word_1_184' title='bbox 840 1837 968 1869; x_wconf 67' lang='lat' dir='ltr'>Petrum</span> 
     </span>
     <span class='ocr_line' id='line_1_36' title="bbox 210 1883 968 1932; baseline 0.008 -17"><span class='ocrx_word' id='word_1_185' title='bbox 210 1886 398 1930; x_wconf 75' lang='lat' dir='ltr'><strong><em>Episcopum</em></strong></span> <span class='ocrx_word' id='word_1_186' title='bbox 428 1883 553 1919; x_wconf 77' lang='lat' dir='ltr'>intulit</span> <span class='ocrx_word' id='word_1_187' title='bbox 579 1884 614 1918; x_wconf 92' lang='lat' dir='ltr'>in</span> <span class='ocrx_word' id='word_1_188' title='bbox 644 1886 854 1930; x_wconf 75' lang='lat' dir='ltr'>Catalogum</span> <span class='ocrx_word' id='word_1_189' title='bbox 884 1886 968 1932; x_wconf 83' lang='lat' dir='ltr'>Epi—</span> 
     </span>
     <span class='ocr_line' id='line_1_37' title="bbox 211 1930 970 1983; baseline 0.004 -14"><span class='ocrx_word' id='word_1_190' title='bbox 211 1933 392 1981; x_wconf 67' lang='lat' dir='ltr'>scoporum</span> <span class='ocrx_word' id='word_1_191' title='bbox 432 1934 700 1975; x_wconf 59' lang='lat' dir='ltr'>Bononienstum,</span> <span class='ocrx_word' id='word_1_192' title='bbox 737 1930 869 1971; x_wconf 83' lang='lat' dir='ltr'>oblitus</span> <span class='ocrx_word' id='word_1_193' title='bbox 909 1950 970 1983; x_wconf 89' lang='lat' dir='ltr'>po-</span> 
     </span>
     <span class='ocr_line' id='line_1_38' title="bbox 213 1984 969 2024; baseline 0 -4"><span class='ocrx_word' id='word_1_194' title='bbox 213 1984 279 2020; x_wconf 83' lang='lat' dir='ltr'>stea</span> <span class='ocrx_word' id='word_1_195' title='bbox 304 1987 450 2020; x_wconf 84' lang='lat' dir='ltr'>alterum</span> <span class='ocrx_word' id='word_1_196' title='bbox 475 1988 621 2024; x_wconf 82' lang='lat' dir='ltr'>Petrum,</span> <span class='ocrx_word' id='word_1_197' title='bbox 645 1985 721 2020; x_wconf 71' lang='lat' dir='ltr'>heic</span> <span class='ocrx_word' id='word_1_198' title='bbox 747 1986 871 2021; x_wconf 85' lang='lat' dir='ltr'>itidem</span> <span class='ocrx_word' id='word_1_199' title='bbox 898 2000 969 2021; x_wconf 89' lang='lat' dir='ltr'>me-</span> 
     </span>
     <span class='ocr_line' id='line_1_39' title="bbox 213 2035 970 2085; baseline 0.004 -15"><span class='ocrx_word' id='word_1_200' title='bbox 213 2045 387 2070; x_wconf 86' lang='lat' dir='ltr'>moratum</span> <span class='ocrx_word' id='word_1_201' title='bbox 406 2059 416 2074; x_wconf 86' lang='lat'><em>‚</em></span> <span class='ocrx_word' id='word_1_202' title='bbox 453 2035 624 2070; x_wconf 80' lang='lat' dir='ltr'>recensere</span> <span class='ocrx_word' id='word_1_203' title='bbox 659 2035 753 2071; x_wconf 86' lang='lat' dir='ltr'>inter</span> <span class='ocrx_word' id='word_1_204' title='bbox 781 2036 970 2085; x_wconf 61' lang='lat' dir='ltr'>Epist-opos</span> 
     </span>
     <span class='ocr_line' id='line_1_40' title="bbox 212 2086 972 2135; baseline 0.001 -13"><span class='ocrx_word' id='word_1_205' title='bbox 212 2086 438 2122; x_wconf 76' lang='lat' dir='ltr'>Parmenses.</span> <span class='ocrx_word' id='word_1_206' title='bbox 482 2087 611 2120; x_wconf 74' lang='lat' dir='ltr'>Verum</span> <span class='ocrx_word' id='word_1_207' title='bbox 654 2086 833 2135; x_wconf 85' lang='lat' dir='ltr'>utriusque</span> <span class='ocrx_word' id='word_1_208' title='bbox 877 2089 972 2124; x_wconf 82' lang='lat' dir='ltr'>Petri</span> 
     </span>
     <span class='ocr_line' id='line_1_41' title="bbox 212 2136 973 2185; baseline 0.003 -13"><span class='ocrx_word' id='word_1_209' title='bbox 212 2136 395 2172; x_wconf 75' lang='lat' dir='ltr'>existentia</span> <span class='ocrx_word' id='word_1_210' title='bbox 432 2150 450 2171; x_wconf 91' lang='lat' dir='ltr'>e</span> <span class='ocrx_word' id='word_1_211' title='bbox 487 2137 693 2183; x_wconf 84' lang='lat' dir='ltr'>Diplornate</span> <span class='ocrx_word' id='word_1_212' title='bbox 731 2138 878 2185; x_wconf 78' lang='lat' dir='ltr'>pendet,</span> <span class='ocrx_word' id='word_1_213' title='bbox 916 2138 973 2174; x_wconf 82' lang='lat' dir='ltr'>cui</span> 
     </span>
     <span class='ocr_line' id='line_1_42' title="bbox 213 2186 974 2234; baseline 0.001 -11"><span class='ocrx_word' id='word_1_214' title='bbox 213 2187 318 2223; x_wconf 88' lang='lat' dir='ltr'>fidere</span> <span class='ocrx_word' id='word_1_215' title='bbox 347 2186 505 2234; x_wconf 85' lang='lat' dir='ltr'>quisnam</span> <span class='ocrx_word' id='word_1_216' title='bbox 535 2187 623 2222; x_wconf 85' lang='lat' dir='ltr'>velit</span> <span class='ocrx_word' id='word_1_217' title='bbox 660 2200 730 2222; x_wconf 86' lang='lat' dir='ltr'>non</span> <span class='ocrx_word' id='word_1_218' title='bbox 760 2188 882 2223; x_wconf 87' lang='lat' dir='ltr'>video.</span> <span class='ocrx_word' id='word_1_219' title='bbox 922 2191 974 2225; x_wconf 83' lang='lat' dir='ltr'>Ita</span> 
     </span>
     <span class='ocr_line' id='line_1_43' title="bbox 213 2237 972 2275; baseline 0.001 -2"><span class='ocrx_word' id='word_1_220' title='bbox 213 2237 452 2273; x_wconf 82' lang='lat' dir='ltr'>Mabillonius</span> <span class='ocrx_word' id='word_1_221' title='bbox 489 2237 526 2272; x_wconf 89' lang='lat' dir='ltr'>in</span> <span class='ocrx_word' id='word_1_222' title='bbox 555 2239 723 2273; x_wconf 81' lang='lat' dir='ltr'>Annalib.</span> <span class='ocrx_word' id='word_1_223' title='bbox 752 2238 972 2275; x_wconf 64' lang='lat' dir='ltr'>Benediffn.</span> 
     </span>
     <span class='ocr_line' id='line_1_44' title="bbox 216 2289 972 2325; baseline 0.003 -2"><span class='ocrx_word' id='word_1_224' title='bbox 216 2290 257 2323; x_wconf 81' lang='lat' dir='ltr'>ad</span> <span class='ocrx_word' id='word_1_225' title='bbox 286 2291 429 2324; x_wconf 90' lang='lat' dir='ltr'>Annum</span> <span class='ocrx_word' id='word_1_226' title='bbox 465 2290 731 2325; x_wconf 84' lang='lat' dir='ltr'><strong>DCCLXXXI.</strong></span> <span class='ocrx_word' id='word_1_227' title='bbox 768 2289 876 2325; x_wconf 86' lang='lat' dir='ltr'>hocce</span> <span class='ocrx_word' id='word_1_228' title='bbox 912 2290 972 2325; x_wconf 94' lang='lat' dir='ltr'>do-</span> 
     </span>
     <span class='ocr_line' id='line_1_45' title="bbox 217 2341 973 2389; baseline 0.007 -18"><span class='ocrx_word' id='word_1_229' title='bbox 217 2350 381 2375; x_wconf 87' lang='lat' dir='ltr'>cumento</span> <span class='ocrx_word' id='word_1_230' title='bbox 424 2341 563 2381; x_wconf 80' lang='lat' dir='ltr'>utitur,</span> <span class='ocrx_word' id='word_1_231' title='bbox 605 2350 770 2389; x_wconf 80' lang='lat' dir='ltr'>tanquam</span> <span class='ocrx_word' id='word_1_232' title='bbox 810 2341 973 2389; x_wconf 83' lang='lat' dir='ltr'>legitimo</span> 
     </span>
     <span class='ocr_line' id='line_1_46' title="bbox 219 2385 974 2437; baseline 0.009 -17"><span class='ocrx_word' id='word_1_233' title='bbox 219 2385 339 2432; x_wconf 82' lang='lat' dir='ltr'>foetu,</span> <span class='ocrx_word' id='word_1_234' title='bbox 375 2398 478 2437; x_wconf 80' lang='lat' dir='ltr'>atque</span> <span class='ocrx_word' id='word_1_235' title='bbox 515 2390 565 2425; x_wconf 79' lang='lat' dir='ltr'>ibi</span> <span class='ocrx_word' id='word_1_236' title='bbox 593 2394 767 2426; x_wconf 81' lang='lat' dir='ltr'>Gerardum</span> <span class='ocrx_word' id='word_1_237' title='bbox 797 2395 911 2427; x_wconf 69' lang='lat' dir='ltr'>Ducem</span> <span class='ocrx_word' id='word_1_238' title='bbox 944 2392 974 2427; x_wconf 88' lang='lat' dir='ltr'>se</span> 
     </span>
     <span class='ocr_line' id='line_1_47' title="bbox 217 2435 972 2490; baseline 0.011 -20"><span class='ocrx_word' id='word_1_239' title='bbox 217 2435 341 2471; x_wconf 83' lang='lat' dir='ltr'>vidiffe</span> <span class='ocrx_word' id='word_1_240' title='bbox 367 2439 427 2474; x_wconf 83' lang='lat' dir='ltr'>fibi</span> <span class='ocrx_word' id='word_1_241' title='bbox 455 2440 636 2488; x_wconf 77' lang='lat' dir='ltr'>persuasit,</span> <span class='ocrx_word' id='word_1_242' title='bbox 662 2442 724 2490; x_wconf 87' lang='lat' dir='ltr'>qui</span> <span class='ocrx_word' id='word_1_243' title='bbox 750 2451 865 2477; x_wconf 83' lang='lat' dir='ltr'>tamen</span> <span class='ocrx_word' id='word_1_244' title='bbox 894 2446 972 2478; x_wconf 68' lang='grc' dir='ltr'>6ρέ-</span> 
     </span>
     <span class='ocr_line' id='line_1_48' title="bbox 220 2487 976 2541; baseline 0.013 -21"><span class='ocrx_word' id='word_1_245' title='bbox 220 2489 316 2521; x_wconf 76' lang='lat' dir='ltr'>radus</span> <span class='ocrx_word' id='word_1_246' title='bbox 343 2487 380 2522; x_wconf 83' lang='lat' dir='ltr'>in</span> <span class='ocrx_word' id='word_1_247' title='bbox 408 2493 605 2526; x_wconf 88' lang='lat' dir='ltr'>membrana</span> <span class='ocrx_word' id='word_1_248' title='bbox 632 2493 845 2541; x_wconf 85' lang='lat' dir='ltr'>appellatur.</span> <span class='ocrx_word' id='word_1_249' title='bbox 880 2496 976 2529; x_wconf 81' lang='lat' dir='ltr'>Hinc</span> 
     </span>
     <span class='ocr_line' id='line_1_49' title="bbox 221 2537 977 2593; baseline 0.012 -21"><span class='ocrx_word' id='word_1_250' title='bbox 221 2547 339 2574; x_wconf 83' lang='lat' dir='ltr'>autem</span> <span class='ocrx_word' id='word_1_251' title='bbox 369 2537 501 2584; x_wconf 81' lang='lat' dir='ltr'>discas,</span> <span class='ocrx_word' id='word_1_252' title='bbox 528 2543 658 2588; x_wconf 71' lang='lat' dir='ltr'>quanta.</span> <span class='ocrx_word' id='word_1_253' title='bbox 692 2543 977 2593; x_wconf 68' lang='lat' dir='ltr'>circumspestio-</span> 
     </span>
    </p>
   </div>
   <div class='ocr_carea' id='block_1_6' title="bbox 1009 724 1036 757">
    <p class='ocr_par' dir='ltr' id='par_1_6' title="bbox 1009 724 1036 757">
     <span class='ocr_line' id='line_1_50' title="bbox 1009 724 1036 757; baseline 0 0"><span class='ocrx_word' id='word_1_254' title='bbox 1009 724 1036 757; x_wconf 83' lang='lat' dir='ltr'>B</span> 
     </span>
    </p>
   </div>
   <div class='ocr_carea' id='block_1_7' title="bbox 994 1172 1048 1212">
    <p class='ocr_par' dir='ltr' id='par_1_7' title="bbox 994 1172 1048 1212">
     <span class='ocr_line' id='line_1_51' title="bbox 994 1172 1048 1212; baseline 0.019 -1"><span class='ocrx_word' id='word_1_255' title='bbox 994 1172 1048 1212; x_wconf 69' lang='grc' dir='ltr'>,Ο</span> 
     </span>
    </p>
   </div>
   <div class='ocr_carea' id='block_1_8' title="bbox 999 2073 1044 2143">
    <p class='ocr_par' dir='ltr' id='par_1_8' title="bbox 999 2073 1044 2143">
     <span class='ocr_line' id='line_1_52' title="bbox 999 2073 1044 2143; baseline 0 -27"><span class='ocrx_word' id='word_1_256' title='bbox 999 2073 1003 2143; x_wconf 31' lang='grc' dir='ltr'>’ὃ</span> <span class='ocrx_word' id='word_1_257' title='bbox 1015 2082 1044 2116; x_wconf 82' lang='lat' dir='ltr'><strong>E</strong></span> 
     </span>
    </p>
   </div>
   <div class='ocr_carea' id='block_1_9' title="bbox 1043 462 1049 671">
    <p class='ocr_par' dir='ltr' id='par_1_9' title="bbox 1043 462 1049 671">
     <span class='ocr_line' id='line_1_53' title="bbox 1043 462 1049 671; baseline 0 0"><span class='ocrx_word' id='word_1_258' title='bbox 1043 462 1049 671; x_wconf 95' lang='lat' dir='ltr'> </span> 
     </span>
    </p>
   </div>
   <div class='ocr_carea' id='block_1_10' title="bbox 1043 762 1048 917">
    <p class='ocr_par' dir='ltr' id='par_1_10' title="bbox 1043 762 1048 917">
     <span class='ocr_line' id='line_1_54' title="bbox 1043 762 1048 917; baseline 0 2172"><span class='ocrx_word' id='word_1_259' title='bbox 1043 762 1048 917; x_wconf 95' lang='lat' dir='ltr'> </span> 
     </span>
    </p>
   </div>
   <div class='ocr_carea' id='block_1_11' title="bbox 1045 318 1840 673">
    <p class='ocr_par' dir='ltr' id='par_1_11' title="bbox 1045 318 1840 673">
     <span class='ocr_line' id='line_1_55' title="bbox 1075 318 1838 364; baseline 0.001 -9"><span class='ocrx_word' id='word_1_260' title='bbox 1075 321 1180 356; x_wconf 76' lang='lat' dir='ltr'>tanda</span> <span class='ocrx_word' id='word_1_261' title='bbox 1209 320 1247 355; x_wconf 88' lang='lat' dir='ltr'>fit</span> <span class='ocrx_word' id='word_1_262' title='bbox 1272 319 1356 356; x_wconf 77' lang='lat' dir='ltr'>fides</span> <span class='ocrx_word' id='word_1_263' title='bbox 1383 330 1538 354; x_wconf 85' lang='lat' dir='ltr'>veterum</span> <span class='ocrx_word' id='word_1_264' title='bbox 1569 318 1838 364; x_wconf 85' lang='lat' dir='ltr'>Diplomatum.</span> 
     </span>
     <span class='ocr_line' id='line_1_56' title="bbox 1045 369 1840 419; baseline 0 -12"><span class='ocrx_word' id='word_1_265' title='bbox 1045 392 1047 396; x_wconf 91' lang='lat'>·</span> <span class='ocrx_word' id='word_1_266' title='bbox 1075 374 1193 414; x_wconf 82' lang='lat' dir='ltr'>Quare</span> <span class='ocrx_word' id='word_1_267' title='bbox 1229 370 1252 406; x_wconf 83' lang='lat' dir='ltr'>si</span> <span class='ocrx_word' id='word_1_268' title='bbox 1281 371 1340 419; x_wconf 84' lang='lat' dir='ltr'>qui</span> <span class='ocrx_word' id='word_1_269' title='bbox 1382 370 1479 408; x_wconf 88' lang='lat' dir='ltr'>sunt,</span> <span class='ocrx_word' id='word_1_270' title='bbox 1509 369 1570 416; x_wconf 81' lang='lat' dir='ltr'>qui</span> <span class='ocrx_word' id='word_1_271' title='bbox 1600 370 1738 417; x_wconf 86' lang='lat' dir='ltr'>quoties</span> <span class='ocrx_word' id='word_1_272' title='bbox 1777 370 1840 408; x_wconf 85' lang='lat' dir='ltr'>sibi</span> 
     </span>
     <span class='ocr_line' id='line_1_57' title="bbox 1045 421 1839 471; baseline 0 -13"><span class='ocrx_word' id='word_1_273' title='bbox 1045 422 1220 459; x_wconf 50' lang='lat' dir='ltr'>miser-tur</span> <span class='ocrx_word' id='word_1_274' title='bbox 1257 422 1401 467; x_wconf 79' lang='lat' dir='ltr'>aliquod</span> <span class='ocrx_word' id='word_1_275' title='bbox 1439 421 1666 466; x_wconf 81' lang='lat' dir='ltr'>antiquorum</span> <span class='ocrx_word' id='word_1_276' title='bbox 1705 423 1839 471; x_wconf 86' lang='lat' dir='ltr'>Regum</span> 
     </span>
     <span class='ocr_line' id='line_1_58' title="bbox 1079 471 1840 521; baseline 0.001 -13"><span class='ocrx_word' id='word_1_277' title='bbox 1079 475 1326 520; x_wconf 81' lang='lat' dir='ltr'>Praeceptum.</span> <span class='ocrx_word' id='word_1_278' title='bbox 1366 472 1493 521; x_wconf 77' lang='lat' dir='ltr'>§igino</span> <span class='ocrx_word' id='word_1_279' title='bbox 1521 471 1580 507; x_wconf 88' lang='lat' dir='ltr'>suo</span> <span class='ocrx_word' id='word_1_280' title='bbox 1613 472 1724 507; x_wconf 81' lang='lat' dir='ltr'>adhuc</span> <span class='ocrx_word' id='word_1_281' title='bbox 1760 485 1840 509; x_wconf 85' lang='lat' dir='ltr'>mu-</span> 
     </span>
     <span class='ocr_line' id='line_1_59' title="bbox 1076 523 1840 571; baseline 0 -11"><span class='ocrx_word' id='word_1_282' title='bbox 1076 525 1213 568; x_wconf 87' lang='lat' dir='ltr'>nitum,</span> <span class='ocrx_word' id='word_1_283' title='bbox 1252 524 1344 559; x_wconf 89' lang='lat' dir='ltr'>nihil</span> <span class='ocrx_word' id='word_1_284' title='bbox 1380 525 1474 559; x_wconf 86' lang='lat' dir='ltr'>ultra</span> <span class='ocrx_word' id='word_1_285' title='bbox 1502 523 1736 570; x_wconf 83' lang='lat' dir='ltr'>quaerendum</span> <span class='ocrx_word' id='word_1_286' title='bbox 1775 537 1840 571; x_wconf 88' lang='lat' dir='ltr'>pu-</span> 
     </span>
     <span class='ocr_line' id='line_1_60' title="bbox 1077 574 1840 622; baseline -0.001 -13"><span class='ocrx_word' id='word_1_287' title='bbox 1077 585 1180 612; x_wconf 77' lang='lat' dir='ltr'>rant,</span> <span class='ocrx_word' id='word_1_288' title='bbox 1210 586 1249 610; x_wconf 88' lang='lat' dir='ltr'>ut</span> <span class='ocrx_word' id='word_1_289' title='bbox 1277 574 1503 620; x_wconf 69' lang='lat' dir='ltr'>archetypum</span> <span class='ocrx_word' id='word_1_290' title='bbox 1534 574 1715 622; x_wconf 79' lang='lat' dir='ltr'>judicent,</span> <span class='ocrx_word' id='word_1_291' title='bbox 1743 587 1840 621; x_wconf 86' lang='lat' dir='ltr'>egre-</span> 
     </span>
     <span class='ocr_line' id='line_1_61' title="bbox 1076 624 1839 673; baseline 0.001 -14"><span class='ocrx_word' id='word_1_292' title='bbox 1076 627 1131 673; x_wconf 83' lang='lat' dir='ltr'>gie</span> <span class='ocrx_word' id='word_1_293' title='bbox 1161 625 1354 661; x_wconf 69' lang='lat' dir='ltr'>falluntur.</span> <span class='ocrx_word' id='word_1_294' title='bbox 1395 629 1487 661; x_wconf 83' lang='lat' dir='ltr'>Nam</span> <span class='ocrx_word' id='word_1_295' title='bbox 1525 638 1568 660; x_wconf 88' lang='lat' dir='ltr'>ne</span> <span class='ocrx_word' id='word_1_296' title='bbox 1598 624 1664 660; x_wconf 88' lang='lat' dir='ltr'>hoc</span> <span class='ocrx_word' id='word_1_297' title='bbox 1694 625 1839 671; x_wconf 88' lang='lat' dir='ltr'>quidem</span> 
     </span>
    </p>
   </div>
   <div class='ocr_carea' id='block_1_12' title="bbox 1044 674 1840 719">
    <p class='ocr_par' dir='ltr' id='par_1_12' title="bbox 1044 674 1840 719">
     <span class='ocr_line' id='line_1_62' title="bbox 1044 674 1840 719; baseline 0.001 -10"><span class='ocrx_word' id='word_1_298' title='bbox 1044 674 1048 709; x_wconf 71' lang='grc' dir='ltr'>ί</span> <span class='ocrx_word' id='word_1_299' title='bbox 1077 675 1157 711; x_wconf 83' lang='lat' dir='ltr'>satis</span> <span class='ocrx_word' id='word_1_300' title='bbox 1183 676 1228 710; x_wconf 89' lang='lat' dir='ltr'>est</span> <span class='ocrx_word' id='word_1_301' title='bbox 1254 677 1294 711; x_wconf 86' lang='lat' dir='ltr'>ad</span> <span class='ocrx_word' id='word_1_302' title='bbox 1325 686 1457 711; x_wconf 81' lang='lat' dir='ltr'>certum</span> <span class='ocrx_word' id='word_1_303' title='bbox 1485 688 1605 712; x_wconf 83' lang='lat' dir='ltr'>eorum</span> <span class='ocrx_word' id='word_1_304' title='bbox 1632 675 1840 719; x_wconf 77' lang='lat' dir='ltr'>criterium,</span> 
     </span>
    </p>
   </div>
   <div class='ocr_carea' id='block_1_13' title="bbox 1075 725 1842 914">
    <p class='ocr_par' dir='ltr' id='par_1_13' title="bbox 1075 725 1842 914">
     <span class='ocr_line' id='line_1_63' title="bbox 1076 725 1841 774; baseline -0.001 -13"><span class='ocrx_word' id='word_1_305' title='bbox 1076 740 1190 773; x_wconf 87' lang='lat' dir='ltr'>quum</span> <span class='ocrx_word' id='word_1_306' title='bbox 1210 740 1318 762; x_wconf 61' lang='lat' dir='ltr'>&gt;cerea</span> <span class='ocrx_word' id='word_1_307' title='bbox 1348 727 1472 774; x_wconf 74' lang='lat' dir='ltr'>Sigilla</span> <span class='ocrx_word' id='word_1_308' title='bbox 1511 725 1728 774; x_wconf 84' lang='lat' dir='ltr'>pergamenis</span> <span class='ocrx_word' id='word_1_309' title='bbox 1756 725 1841 761; x_wconf 85' lang='lat' dir='ltr'>infi-</span> 
     </span>
     <span class='ocr_line' id='line_1_64' title="bbox 1075 777 1842 825; baseline 0 -13"><span class='ocrx_word' id='word_1_310' title='bbox 1075 790 1118 812; x_wconf 87' lang='lat' dir='ltr'>xa</span> <span class='ocrx_word' id='word_1_311' title='bbox 1146 791 1164 811; x_wconf 89' lang='lat' dir='ltr'>e</span> <span class='ocrx_word' id='word_1_312' title='bbox 1192 777 1317 824; x_wconf 82' lang='lat' dir='ltr'>postica</span> <span class='ocrx_word' id='word_1_313' title='bbox 1349 788 1466 824; x_wconf 87' lang='lat' dir='ltr'>parte,</span> <span class='ocrx_word' id='word_1_314' title='bbox 1491 777 1670 813; x_wconf 54' lang='lat' dir='ltr'>attenuata</span> <span class='ocrx_word' id='word_1_315' title='bbox 1699 789 1758 825; x_wconf 88' lang='lat' dir='ltr'>per</span> <span class='ocrx_word' id='word_1_316' title='bbox 1783 789 1842 812; x_wconf 86' lang='lat' dir='ltr'>ca-</span> 
     </span>
     <span class='ocr_line' id='line_1_65' title="bbox 1076 827 1840 874; baseline 0 -12"><span class='ocrx_word' id='word_1_317' title='bbox 1076 829 1185 863; x_wconf 82' lang='lat' dir='ltr'>lorem</span> <span class='ocrx_word' id='word_1_318' title='bbox 1215 830 1312 870; x_wconf 68' lang='lat' dir='ltr'>cera,</span> <span class='ocrx_word' id='word_1_319' title='bbox 1341 828 1476 862; x_wconf 80' lang='lat' dir='ltr'>detrahi</span> <span class='ocrx_word' id='word_1_320' title='bbox 1507 828 1708 874; x_wconf 81' lang='lat' dir='ltr'>potuerint,</span> <span class='ocrx_word' id='word_1_321' title='bbox 1738 828 1772 862; x_wconf 91' lang='lat'>&amp;</span> <span class='ocrx_word' id='word_1_322' title='bbox 1799 827 1840 862; x_wconf 86' lang='lat' dir='ltr'>in</span> 
     </span>
     <span class='ocr_line' id='line_1_66' title="bbox 1075 876 1840 914; baseline 0 -2"><span class='ocrx_word' id='word_1_323' title='bbox 1075 879 1180 912; x_wconf 84' lang='lat' dir='ltr'>aliam</span> <span class='ocrx_word' id='word_1_324' title='bbox 1223 878 1468 913; x_wconf 73' lang='lat' dir='ltr'>commenticii</span> <span class='ocrx_word' id='word_1_325' title='bbox 1511 878 1623 914; x_wconf 80' lang='lat' dir='ltr'>foetus</span> <span class='ocrx_word' id='word_1_326' title='bbox 1665 876 1840 913; x_wconf 77' lang='lat' dir='ltr'>Chartam</span> 
     </span>
    </p>
   </div>
   <div class='ocr_carea' id='block_1_14' title="bbox 1065 977 1843 1280">
    <p class='ocr_par' dir='ltr' id='par_1_14' title="bbox 1065 977 1843 1280">
     <span class='ocr_line' id='line_1_67' title="bbox 1065 977 1841 1025; baseline 0.001 -12"><span class='ocrx_word' id='word_1_327' title='bbox 1065 980 1166 1024; x_wconf 37' lang='lat' dir='ltr'>,Papa</span> <span class='ocrx_word' id='word_1_328' title='bbox 1185 1003 1196 1017; x_wconf 90' lang='lat'>‚</span> <span class='ocrx_word' id='word_1_329' title='bbox 1234 988 1271 1012; x_wconf 86' lang='lat' dir='ltr'>ut</span> <span class='ocrx_word' id='word_1_330' title='bbox 1300 977 1344 1013; x_wconf 84' lang='lat' dir='ltr'>est</span> <span class='ocrx_word' id='word_1_331' title='bbox 1371 979 1408 1012; x_wconf 89' lang='lat' dir='ltr'>in</span> <span class='ocrx_word' id='word_1_332' title='bbox 1437 979 1508 1024; x_wconf 86' lang='lat' dir='ltr'>ejus</span> <span class='ocrx_word' id='word_1_333' title='bbox 1539 980 1624 1014; x_wconf 84' lang='lat' dir='ltr'>Vita</span> <span class='ocrx_word' id='word_1_334' title='bbox 1653 991 1746 1013; x_wconf 88' lang='lat' dir='ltr'>num.</span> <span class='ocrx_word' id='word_1_335' title='bbox 1778 989 1841 1025; x_wconf 83' lang='lat'>43.</span> 
     </span>
     <span class='ocr_line' id='line_1_68' title="bbox 1077 1028 1842 1077; baseline -0.001 -13"><span class='ocrx_word' id='word_1_336' title='bbox 1077 1043 1136 1077; x_wconf 85' lang='lat' dir='ltr'>par</span> <span class='ocrx_word' id='word_1_337' title='bbox 1155 1028 1276 1077; x_wconf 82' lang='lat' dir='ltr'>sigilli</span> <span class='ocrx_word' id='word_1_338' title='bbox 1299 1028 1430 1063; x_wconf 55' lang='lat' dir='ltr'>‘vitium</span> <span class='ocrx_word' id='word_1_339' title='bbox 1457 1029 1544 1064; x_wconf 67' lang='lat' dir='ltr'>rr-irfi</span> <span class='ocrx_word' id='word_1_340' title='bbox 1571 1029 1756 1077; x_wconf 84' lang='lat' dir='ltr'>sagacitate</span> <span class='ocrx_word' id='word_1_341' title='bbox 1780 1029 1842 1063; x_wconf 87' lang='lat' dir='ltr'>de-</span> 
     </span>
     <span class='ocr_line' id='line_1_69' title="bbox 1077 1078 1843 1128; baseline 0 -14"><span class='ocrx_word' id='word_1_342' title='bbox 1077 1080 1261 1128; x_wconf 86' lang='lat' dir='ltr'>preherdit</span> <span class='ocrx_word' id='word_1_343' title='bbox 1304 1080 1338 1115; x_wconf 87' lang='lat' dir='ltr'>in</span> <span class='ocrx_word' id='word_1_344' title='bbox 1382 1081 1576 1128; x_wconf 72' lang='lat' dir='ltr'>privilegio</span> <span class='ocrx_word' id='word_1_345' title='bbox 1614 1078 1784 1120; x_wconf 61' lang='lat' dir='ltr'>produfflo</span> <span class='ocrx_word' id='word_1_346' title='bbox 1821 1088 1843 1114; x_wconf 79' lang='lat' dir='ltr'>a</span> 
     </span>
     <span class='ocr_line' id='line_1_70' title="bbox 1077 1129 1841 1178; baseline -0.003 -12"><span class='ocrx_word' id='word_1_347' title='bbox 1077 1130 1271 1167; x_wconf 64' lang='lat' dir='ltr'>Scozulevfi</span> <span class='ocrx_word' id='word_1_348' title='bbox 1296 1132 1455 1166; x_wconf 84' lang='lat' dir='ltr'>Abbate:</span> <span class='ocrx_word' id='word_1_349' title='bbox 1485 1131 1578 1178; x_wconf 89' lang='lat' dir='ltr'>quod</span> <span class='ocrx_word' id='word_1_350' title='bbox 1603 1129 1841 1165; x_wconf 73' lang='lat' dir='ltr'>M0bi110nius</span> 
     </span>
     <span class='ocr_line' id='line_1_71' title="bbox 1077 1180 1842 1229; baseline -0.003 -12"><span class='ocrx_word' id='word_1_351' title='bbox 1077 1182 1357 1218; x_wconf 78' lang='lat' dir='ltr'>animadvertit.</span> <span class='ocrx_word' id='word_1_352' title='bbox 1403 1184 1527 1229; x_wconf 88' lang='lat' dir='ltr'>Neque</span> <span class='ocrx_word' id='word_1_353' title='bbox 1568 1181 1647 1216; x_wconf 89' lang='lat' dir='ltr'>sane</span> <span class='ocrx_word' id='word_1_354' title='bbox 1688 1180 1842 1229; x_wconf 84' lang='lat' dir='ltr'>ejusdem</span> 
     </span>
     <span class='ocr_line' id='line_1_72' title="bbox 1078 1229 1841 1280; baseline -0.001 -13"><span class='ocrx_word' id='word_1_355' title='bbox 1078 1232 1207 1268; x_wconf 80' lang='lat' dir='ltr'>fraudis</span> <span class='ocrx_word' id='word_1_356' title='bbox 1245 1232 1313 1268; x_wconf 78' lang='lat' dir='ltr'>alia</span> <span class='ocrx_word' id='word_1_357' title='bbox 1344 1233 1465 1267; x_wconf 84' lang='lat' dir='ltr'>desunt</span> <span class='ocrx_word' id='word_1_358' title='bbox 1495 1234 1676 1280; x_wconf 71' lang='lat' dir='ltr'>exempla,</span> <span class='ocrx_word' id='word_1_359' title='bbox 1714 1244 1731 1266; x_wconf 86' lang='lat' dir='ltr'>e</span> <span class='ocrx_word' id='word_1_360' title='bbox 1759 1229 1841 1277; x_wconf 81' lang='lat' dir='ltr'>qui—</span> 
     </span>
    </p>
   </div>
   <div class='ocr_carea' id='block_1_15' title="bbox 1044 921 1839 1169">
    <p class='ocr_par' dir='ltr' id='par_1_15' title="bbox 1044 921 1839 1169">
     <span class='ocr_line' id='line_1_73' title="bbox 1044 921 1839 1169; baseline 0 -207"><span class='ocrx_word' id='word_1_361' title='bbox 1044 921 1280 1169; x_wconf 70' lang='lat' dir='ltr'>ltransferri.</span> <span class='ocrx_word' id='word_1_362' title='bbox 1324 928 1552 963; x_wconf 66' lang='lat' dir='ltr'>innocentius</span> <span class='ocrx_word' id='word_1_363' title='bbox 1592 941 1731 975; x_wconf 82' lang='lat' dir='ltr'>quoque</span> <span class='ocrx_word' id='word_1_364' title='bbox 1775 927 1839 963; x_wconf 81' lang='lat' dir='ltr'>III.</span> 
     </span>
    </p>
   </div>
   <div class='ocr_carea' id='block_1_16' title="bbox 1046 1237 1842 1551">
    <p class='ocr_par' dir='ltr' id='par_1_16' title="bbox 1046 1237 1842 1551">
     <span class='ocr_line' id='line_1_74' title="bbox 1046 1237 1842 1353; baseline -0.001 -36"><span class='ocrx_word' id='word_1_365' title='bbox 1046 1237 1050 1353; x_wconf 54' lang='grc' dir='ltr'>ι</span> <span class='ocrx_word' id='word_1_366' title='bbox 1079 1283 1140 1317; x_wconf 85' lang='lat' dir='ltr'>bus</span> <span class='ocrx_word' id='word_1_367' title='bbox 1161 1284 1307 1318; x_wconf 84' lang='lat' dir='ltr'>alterum</span> <span class='ocrx_word' id='word_1_368' title='bbox 1331 1283 1442 1318; x_wconf 89' lang='lat' dir='ltr'>adhuc</span> <span class='ocrx_word' id='word_1_369' title='bbox 1464 1282 1592 1318; x_wconf 83' lang='lat' dir='ltr'>adferre</span> <span class='ocrx_word' id='word_1_370' title='bbox 1610 1283 1731 1331; x_wconf 83' lang='lat' dir='ltr'>juvat.</span> <span class='ocrx_word' id='word_1_371' title='bbox 1755 1283 1842 1316; x_wconf 90' lang='lat' dir='ltr'>Pro-</span> 
     </span>
     <span class='ocr_line' id='line_1_75' title="bbox 1047 1332 1842 1551; baseline -0.001 -184"><span class='ocrx_word' id='word_1_372' title='bbox 1047 1358 1052 1551; x_wconf 53' lang='lat'><em>*</em></span> <span class='ocrx_word' id='word_1_373' title='bbox 1078 1333 1164 1368; x_wconf 84' lang='lat' dir='ltr'>tulit</span> <span class='ocrx_word' id='word_1_374' title='bbox 1192 1332 1384 1379; x_wconf 63' lang='lat' dir='ltr'>Ughellxus</span> <span class='ocrx_word' id='word_1_375' title='bbox 1413 1336 1532 1368; x_wconf 87' lang='lat' dir='ltr'>Tomo</span> <span class='ocrx_word' id='word_1_376' title='bbox 1565 1347 1598 1379; x_wconf 83' lang='lat'>3.</span> <span class='ocrx_word' id='word_1_377' title='bbox 1637 1333 1716 1368; x_wconf 81' lang='lat' dir='ltr'>Ital.</span> <span class='ocrx_word' id='word_1_378' title='bbox 1749 1334 1842 1367; x_wconf 83' lang='lat' dir='ltr'>Sacr.</span> 
     </span>
    </p>
   </div>
   <div class='ocr_carea' id='block_1_17' title="bbox 1078 1382 1843 1518">
    <p class='ocr_par' dir='ltr' id='par_1_17' title="bbox 1078 1382 1843 1518">
     <span class='ocr_line' id='line_1_76' title="bbox 1078 1382 1843 1430; baseline -0.003 -12"><span class='ocrx_word' id='word_1_379' title='bbox 1078 1383 1115 1418; x_wconf 89' lang='lat' dir='ltr'>in</span> <span class='ocrx_word' id='word_1_380' title='bbox 1144 1384 1304 1430; x_wconf 81' lang='lat' dir='ltr'>Episcop.</span> <span class='ocrx_word' id='word_1_381' title='bbox 1331 1382 1465 1418; x_wconf 80' lang='lat' dir='ltr'>Clufin.</span> <span class='ocrx_word' id='word_1_382' title='bbox 1495 1384 1664 1427; x_wconf 77' lang='lat' dir='ltr'>Diploma</span> <span class='ocrx_word' id='word_1_383' title='bbox 1694 1382 1843 1417; x_wconf 85' lang='lat' dir='ltr'>Ratchi-</span> 
     </span>
     <span class='ocr_line' id='line_1_77' title="bbox 1078 1433 1842 1482; baseline -0.001 -14"><span class='ocrx_word' id='word_1_384' title='bbox 1078 1433 1114 1468; x_wconf 84' lang='lat' dir='ltr'>fii</span> <span class='ocrx_word' id='word_1_385' title='bbox 1139 1434 1447 1482; x_wconf 76' lang='lat' dir='ltr'>Langobardorum</span> <span class='ocrx_word' id='word_1_386' title='bbox 1473 1433 1599 1481; x_wconf 79' lang='lat' dir='ltr'>Regis.</span> <span class='ocrx_word' id='word_1_387' title='bbox 1625 1446 1644 1468; x_wconf 84' lang='lat' dir='ltr'>a</span> <span class='ocrx_word' id='word_1_388' title='bbox 1665 1446 1736 1481; x_wconf 91' lang='lat' dir='ltr'>quo</span> <span class='ocrx_word' id='word_1_389' title='bbox 1757 1445 1842 1467; x_wconf 88' lang='lat' dir='ltr'>con-</span> 
     </span>
     <span class='ocr_line' id='line_1_78' title="bbox 1079 1483 1677 1518; baseline 0.003 -2"><span class='ocrx_word' id='word_1_390' title='bbox 1079 1484 1191 1517; x_wconf 88' lang='lat' dir='ltr'>ditum</span> <span class='ocrx_word' id='word_1_391' title='bbox 1238 1485 1387 1518; x_wconf 79' lang='lat' dir='ltr'>traditur</span> <span class='ocrx_word' id='word_1_392' title='bbox 1425 1483 1677 1518; x_wconf 84' lang='lat' dir='ltr'>Monasterium</span> 
     </span>
    </p>
   </div>
   <div class='ocr_carea' id='block_1_18' title="bbox 1720 1482 1840 1519">
    <p class='ocr_par' dir='ltr' id='par_1_18' title="bbox 1720 1482 1840 1519">
     <span class='ocr_line' id='line_1_79' title="bbox 1720 1482 1840 1519; baseline 0 0"><span class='ocrx_word' id='word_1_393' title='bbox 1720 1482 1840 1519; x_wconf 75' lang='lat' dir='ltr'>Sanffi</span> 
     </span>
    </p>
   </div>
   <div class='ocr_carea' id='block_1_19' title="bbox 1048 1532 1842 1582">
    <p class='ocr_par' dir='ltr' id='par_1_19' title="bbox 1048 1532 1842 1582">
     <span class='ocr_line' id='line_1_80' title="bbox 1048 1532 1842 1582; baseline 0.005 -17"><span class='ocrx_word' id='word_1_394' title='bbox 1048 1557 1051 1582; x_wconf 68' lang='lat'>3</span> <span class='ocrx_word' id='word_1_395' title='bbox 1079 1532 1272 1566; x_wconf 75' lang='lat' dir='ltr'>salvatoris</span> <span class='ocrx_word' id='word_1_396' title='bbox 1295 1533 1336 1566; x_wconf 90' lang='lat' dir='ltr'>de</span> <span class='ocrx_word' id='word_1_397' title='bbox 1360 1535 1490 1567; x_wconf 80' lang='lat' dir='ltr'>Monte</span> <span class='ocrx_word' id='word_1_398' title='bbox 1511 1535 1697 1569; x_wconf 66' lang='lat' dir='ltr'>Ammiato</span> <span class='ocrx_word' id='word_1_399' title='bbox 1721 1534 1757 1568; x_wconf 82' lang='lat' dir='ltr'>in</span> <span class='ocrx_word' id='word_1_400' title='bbox 1781 1547 1842 1568; x_wconf 89' lang='lat' dir='ltr'>eo-</span> 
     </span>
    </p>
   </div>
   <div class='ocr_carea' id='block_1_20' title="bbox 1078 1581 1842 1682">
    <p class='ocr_par' dir='ltr' id='par_1_20' title="bbox 1078 1581 1842 1682">
     <span class='ocr_line' id='line_1_81' title="bbox 1078 1581 1842 1628; baseline 0.004 -13"><span class='ocrx_word' id='word_1_401' title='bbox 1078 1581 1154 1616; x_wconf 90' lang='lat' dir='ltr'>dem</span> <span class='ocrx_word' id='word_1_402' title='bbox 1186 1594 1268 1628; x_wconf 79' lang='lat' dir='ltr'>agro</span> <span class='ocrx_word' id='word_1_403' title='bbox 1296 1581 1441 1617; x_wconf 81' lang='lat' dir='ltr'>Clusino</span> <span class='ocrx_word' id='word_1_404' title='bbox 1477 1582 1599 1618; x_wconf 85' lang='lat' dir='ltr'>fitum.</span> <span class='ocrx_word' id='word_1_405' title='bbox 1640 1586 1842 1619; x_wconf 81' lang='lat' dir='ltr'>Documen-</span> 
     </span>
     <span class='ocr_line' id='line_1_82' title="bbox 1078 1632 1842 1682; baseline 0.004 -16"><span class='ocrx_word' id='word_1_406' title='bbox 1078 1638 1153 1666; x_wconf 80' lang='lat' dir='ltr'>tum</span> <span class='ocrx_word' id='word_1_407' title='bbox 1194 1632 1283 1667; x_wconf 85' lang='lat' dir='ltr'>illud</span> <span class='ocrx_word' id='word_1_408' title='bbox 1322 1633 1433 1669; x_wconf 86' lang='lat' dir='ltr'>veluti</span> <span class='ocrx_word' id='word_1_409' title='bbox 1472 1647 1646 1682; x_wconf 86' lang='lat' dir='ltr'>gemmam</span> <span class='ocrx_word' id='word_1_410' title='bbox 1686 1647 1842 1670; x_wconf 84' lang='lat' dir='ltr'>comme-</span> 
     </span>
    </p>
   </div>
   <div class='ocr_carea' id='block_1_21' title="bbox 1048 1683 1843 1731">
    <p class='ocr_par' dir='ltr' id='par_1_21' title="bbox 1048 1683 1843 1731">
     <span class='ocr_line' id='line_1_83' title="bbox 1048 1683 1843 1731; baseline 0.008 -17"><span class='ocrx_word' id='word_1_411' title='bbox 1048 1683 1234 1717; x_wconf 15' lang='lat' dir='ltr'>lrmoravit</span> <span class='ocrx_word' id='word_1_412' title='bbox 1274 1697 1413 1731; x_wconf 89' lang='lat' dir='ltr'>quoque</span> <span class='ocrx_word' id='word_1_413' title='bbox 1450 1685 1656 1720; x_wconf 78' lang='lat' dir='ltr'>Thomafius</span> <span class='ocrx_word' id='word_1_414' title='bbox 1696 1685 1732 1720; x_wconf 86' lang='lat' dir='ltr'>in</span> <span class='ocrx_word' id='word_1_415' title='bbox 1771 1685 1843 1720; x_wconf 83' lang='lat' dir='ltr'>Hi-</span> 
     </span>
    </p>
   </div>
   <div class='ocr_carea' id='block_1_22' title="bbox 1052 1733 1852 2594">
    <p class='ocr_par' dir='ltr' id='par_1_22' title="bbox 1052 1733 1852 2594">
     <span class='ocr_line' id='line_1_84' title="bbox 1079 1733 1842 1779; baseline 0.005 -12"><span class='ocrx_word' id='word_1_416' title='bbox 1079 1733 1180 1768; x_wconf 72' lang='lat' dir='ltr'>storia</span> <span class='ocrx_word' id='word_1_417' title='bbox 1216 1735 1512 1770; x_wconf 78' lang='lat' dir='ltr'>Senenfi..·Alibi</span> <span class='ocrx_word' id='word_1_418' title='bbox 1552 1738 1656 1779; x_wconf 75' lang='lat' dir='ltr'>vero,</span> <span class='ocrx_word' id='word_1_419' title='bbox 1695 1735 1759 1770; x_wconf 88' lang='lat' dir='ltr'>hoc</span> <span class='ocrx_word' id='word_1_420' title='bbox 1796 1735 1842 1771; x_wconf 86' lang='lat' dir='ltr'>est</span> 
     </span>
     <span class='ocr_line' id='line_1_85' title="bbox 1080 1784 1843 1827; baseline 0.003 -8"><span class='ocrx_word' id='word_1_421' title='bbox 1080 1784 1117 1820; x_wconf 83' lang='lat' dir='ltr'>in</span> <span class='ocrx_word' id='word_1_422' title='bbox 1156 1785 1406 1821; x_wconf 74' lang='lat' dir='ltr'>Differtatione</span> <span class='ocrx_word' id='word_1_423' title='bbox 1445 1788 1558 1821; x_wconf 84' lang='lat' dir='ltr'>LXV.</span> <span class='ocrx_word' id='word_1_424' title='bbox 1594 1788 1632 1819; x_wconf 80' lang='lat' dir='ltr'>de</span> <span class='ocrx_word' id='word_1_425' title='bbox 1669 1786 1843 1827; x_wconf 78' lang='lat' dir='ltr'>Monaster.</span> 
     </span>
     <span class='ocr_line' id='line_1_86' title="bbox 1080 1834 1846 1871; baseline 0 -1"><span class='ocrx_word' id='word_1_426' title='bbox 1080 1835 1170 1870; x_wconf 66' lang='lat' dir='ltr'>ev-ec‘l.</span> <span class='ocrx_word' id='word_1_427' title='bbox 1198 1834 1356 1870; x_wconf 87' lang='lat' dir='ltr'>facienda</span> <span class='ocrx_word' id='word_1_428' title='bbox 1387 1837 1455 1871; x_wconf 87' lang='lat' dir='ltr'>erit</span> <span class='ocrx_word' id='word_1_429' title='bbox 1492 1836 1582 1870; x_wconf 83' lang='lat' dir='ltr'>mihi</span> <span class='ocrx_word' id='word_1_430' title='bbox 1614 1837 1748 1870; x_wconf 88' lang='lat' dir='ltr'>mentio</span> <span class='ocrx_word' id='word_1_431' title='bbox 1779 1835 1846 1870; x_wconf 88' lang='lat' dir='ltr'>Di-</span> 
     </span>
     <span class='ocr_line' id='line_1_87' title="bbox 1082 1885 1846 1934; baseline 0 -13"><span class='ocrx_word' id='word_1_432' title='bbox 1082 1886 1248 1934; x_wconf 86' lang='lat' dir='ltr'>plomatis</span> <span class='ocrx_word' id='word_1_433' title='bbox 1269 1885 1419 1933; x_wconf 82' lang='lat' dir='ltr'>ejusdem</span> <span class='ocrx_word' id='word_1_434' title='bbox 1434 1914 1443 1926; x_wconf 81' lang='grc'>,</span> <span class='ocrx_word' id='word_1_435' title='bbox 1469 1885 1562 1921; x_wconf 88' lang='lat' dir='ltr'>inter</span> <span class='ocrx_word' id='word_1_436' title='bbox 1583 1885 1727 1922; x_wconf 80' lang='lat' dir='ltr'>ridenda</span> <span class='ocrx_word' id='word_1_437' title='bbox 1747 1899 1846 1921; x_wconf 89' lang='lat' dir='ltr'>com-</span> 
     </span>
     <span class='ocr_line' id='line_1_88' title="bbox 1082 1937 1846 1973; baseline 0.001 -1"><span class='ocrx_word' id='word_1_438' title='bbox 1082 1947 1199 1972; x_wconf 82' lang='lat' dir='ltr'>menta</span> <span class='ocrx_word' id='word_1_439' title='bbox 1237 1937 1466 1972; x_wconf 85' lang='lat' dir='ltr'>amandandi.</span> <span class='ocrx_word' id='word_1_440' title='bbox 1506 1939 1558 1972; x_wconf 93' lang='lat' dir='ltr'>De</span> <span class='ocrx_word' id='word_1_441' title='bbox 1585 1939 1707 1973; x_wconf 90' lang='lat' dir='ltr'>eodem</span> <span class='ocrx_word' id='word_1_442' title='bbox 1736 1937 1846 1973; x_wconf 86' lang='lat' dir='ltr'>etiam</span> 
     </span>
     <span class='ocr_line' id='line_1_89' title="bbox 1082 1987 1848 2023; baseline 0 0"><span class='ocrx_word' id='word_1_443' title='bbox 1082 1987 1320 2023; x_wconf 44' lang='lat' dir='ltr'>Maebilionius</span> <span class='ocrx_word' id='word_1_444' title='bbox 1358 1987 1395 2022; x_wconf 86' lang='lat' dir='ltr'>in</span> <span class='ocrx_word' id='word_1_445' title='bbox 1435 1988 1605 2022; x_wconf 85' lang='lat' dir='ltr'>Annalib.</span> <span class='ocrx_word' id='word_1_446' title='bbox 1644 1987 1848 2023; x_wconf 75' lang='lat' dir='ltr'>Benediffl-</span> 
     </span>
     <span class='ocr_line' id='line_1_90' title="bbox 1052 2036 1849 2086; baseline 0 -12"><span class='ocrx_word' id='word_1_447' title='bbox 1052 2071 1053 2074; x_wconf 75' lang='grc'>,</span> <span class='ocrx_word' id='word_1_448' title='bbox 1083 2039 1137 2073; x_wconf 87' lang='lat' dir='ltr'>nis</span> <span class='ocrx_word' id='word_1_449' title='bbox 1166 2038 1206 2073; x_wconf 90' lang='lat' dir='ltr'>ad</span> <span class='ocrx_word' id='word_1_450' title='bbox 1238 2041 1381 2073; x_wconf 87' lang='lat' dir='ltr'>Annum</span> <span class='ocrx_word' id='word_1_451' title='bbox 1411 2036 1542 2074; x_wconf 62' lang='lat' dir='ltr'>Christi</span> <span class='ocrx_word' id='word_1_452' title='bbox 1575 2040 1722 2074; x_wconf 58' lang='lat' dir='ltr'>DCQL.</span> <span class='ocrx_word' id='word_1_453' title='bbox 1749 2051 1849 2086; x_wconf 86' lang='lat' dir='ltr'>prae-</span> 
     </span>
     <span class='ocr_line' id='line_1_91' title="bbox 1084 2089 1851 2135; baseline 0.001 -12"><span class='ocrx_word' id='word_1_454' title='bbox 1084 2089 1247 2124; x_wconf 84' lang='lat' dir='ltr'>dixerat:</span> <span class='ocrx_word' id='word_1_455' title='bbox 1289 2091 1439 2133; x_wconf 81' lang='lat' dir='ltr'>Diploma</span> <span class='ocrx_word' id='word_1_456' title='bbox 1474 2089 1567 2132; x_wconf 71' lang='lat' dir='ltr'>refert</span> <span class='ocrx_word' id='word_1_457' title='bbox 1596 2089 1750 2135; x_wconf 76' lang='lat' dir='ltr'>Ugbellus</span> <span class='ocrx_word' id='word_1_458' title='bbox 1780 2102 1851 2124; x_wconf 73' lang='lat' dir='ltr'>eum</span> 
     </span>
     <span class='ocr_line' id='line_1_92' title="bbox 1086 2140 1851 2187; baseline 0.003 -14"><span class='ocrx_word' id='word_1_459' title='bbox 1086 2140 1326 2175; x_wconf 76' lang='lat' dir='ltr'>narratiuncula</span> <span class='ocrx_word' id='word_1_460' title='bbox 1344 2142 1381 2174; x_wconf 82' lang='lat' dir='ltr'>de</span> <span class='ocrx_word' id='word_1_461' title='bbox 1401 2140 1520 2187; x_wconf 79' lang='lat' dir='ltr'>origine</span> <span class='ocrx_word' id='word_1_462' title='bbox 1543 2140 1732 2181; x_wconf 69' lang='lat' dir='ltr'>Manaslerr&#39;i</span> <span class='ocrx_word' id='word_1_463' title='bbox 1757 2140 1851 2184; x_wconf 86' lang='lat' dir='ltr'>(sci-</span> 
     </span>
     <span class='ocr_line' id='line_1_93' title="bbox 1087 2189 1851 2237; baseline 0 -12"><span class='ocrx_word' id='word_1_464' title='bbox 1087 2191 1172 2225; x_wconf 86' lang='lat' dir='ltr'>licet</span> <span class='ocrx_word' id='word_1_465' title='bbox 1200 2189 1447 2236; x_wconf 85' lang='lat' dir='ltr'>Ammiatini)</span> <span class='ocrx_word' id='word_1_466' title='bbox 1476 2203 1553 2235; x_wconf 80' lang='lat' dir='ltr'>quae</span> <span class='ocrx_word' id='word_1_467' title='bbox 1577 2190 1720 2234; x_wconf 69' lang='lat' dir='ltr'>fabulam</span> <span class='ocrx_word' id='word_1_468' title='bbox 1741 2190 1851 2237; x_wconf 75' lang='lat' dir='ltr'>sapit.</span> 
     </span>
     <span class='ocr_line' id='line_1_94' title="bbox 1089 2240 1851 2288; baseline -0.003 -12"><span class='ocrx_word' id='word_1_469' title='bbox 1089 2245 1224 2276; x_wconf 73' lang='lat' dir='ltr'>..Annum</span> <span class='ocrx_word' id='word_1_470' title='bbox 1263 2241 1381 2274; x_wconf 72' lang='lat' dir='ltr'>conditi</span> <span class='ocrx_word' id='word_1_471' title='bbox 1419 2240 1568 2275; x_wconf 72' lang='lat' dir='ltr'>Coenobiz&#39;</span> <span class='ocrx_word' id='word_1_472' title='bbox 1603 2240 1851 2288; x_wconf 78' lang='lat' dir='ltr'>Septingentefi-</span> 
     </span>
     <span class='ocr_line' id='line_1_95' title="bbox 1088 2290 1851 2338; baseline -0.001 -13"><span class='ocrx_word' id='word_1_473' title='bbox 1088 2305 1171 2325; x_wconf 75' lang='lat' dir='ltr'>mum</span> <span class='ocrx_word' id='word_1_474' title='bbox 1198 2290 1481 2338; x_wconf 60' lang='lat' dir='ltr'>,Quadragefimum</span> <span class='ocrx_word' id='word_1_475' title='bbox 1509 2294 1682 2326; x_wconf 80' lang='lat' dir='ltr'>Secundum</span> <span class='ocrx_word' id='word_1_476' title='bbox 1715 2291 1851 2337; x_wconf 71' lang='lat' dir='ltr'>praefert</span> 
     </span>
     <span class='ocr_line' id='line_1_96' title="bbox 1090 2342 1850 2389; baseline -0.004 -13"><span class='ocrx_word' id='word_1_477' title='bbox 1090 2342 1261 2388; x_wconf 73' lang='lat' dir='ltr'>Dtploma‚</span> <span class='ocrx_word' id='word_1_478' title='bbox 1298 2344 1380 2389; x_wconf 85' lang='lat' dir='ltr'>quod</span> <span class='ocrx_word' id='word_1_479' title='bbox 1414 2357 1450 2377; x_wconf 75' lang='lat' dir='ltr'>ex</span> <span class='ocrx_word' id='word_1_480' title='bbox 1484 2343 1661 2378; x_wconf 71' lang='lat' dir='ltr'>authentico</span> <span class='ocrx_word' id='word_1_481' title='bbox 1699 2342 1850 2388; x_wconf 77' lang='lat' dir='ltr'>Ughcllus</span> 
     </span>
     <span class='ocr_line' id='line_1_97' title="bbox 1089 2388 1849 2440; baseline 0 -15"><span class='ocrx_word' id='word_1_482' title='bbox 1089 2393 1308 2434; x_wconf 72' lang='lat' dir='ltr'>exist³mavit.·</span> <span class='ocrx_word' id='word_1_483' title='bbox 1343 2397 1426 2440; x_wconf 86' lang='lat' dir='ltr'>quod</span> <span class='ocrx_word' id='word_1_484' title='bbox 1454 2395 1576 2429; x_wconf 80' lang='lat' dir='ltr'>omnino</span> <span class='ocrx_word' id='word_1_485' title='bbox 1606 2393 1758 2436; x_wconf 81' lang='lat' dir='ltr'>fincerum</span> <span class='ocrx_word' id='word_1_486' title='bbox 1793 2388 1849 2435; x_wconf 77' lang='lat' dir='ltr'>csse</span> 
     </span>
     <span class='ocr_line' id='line_1_98' title="bbox 1086 2440 1851 2494; baseline -0.007 -14"><span class='ocrx_word' id='word_1_487' title='bbox 1086 2445 1268 2490; x_wconf 70' lang='lat' dir='ltr'>pervel&#39;m.</span> <span class='ocrx_word' id='word_1_488' title='bbox 1309 2443 1363 2480; x_wconf 91' lang='lat' dir='ltr'>Ita</span> <span class='ocrx_word' id='word_1_489' title='bbox 1406 2458 1569 2494; x_wconf 84' lang='lat' dir='ltr'>perquam</span> <span class='ocrx_word' id='word_1_490' title='bbox 1608 2442 1755 2480; x_wconf 83' lang='lat' dir='ltr'>modeste</span> <span class='ocrx_word' id='word_1_491' title='bbox 1794 2440 1851 2476; x_wconf 77' lang='lat' dir='ltr'>vir</span> 
     </span>
     <span class='ocr_line' id='line_1_99' title="bbox 1090 2491 1852 2542; baseline -0.004 -13"><span class='ocrx_word' id='word_1_492' title='bbox 1090 2493 1331 2535; x_wconf 64' lang='lat' dir='ltr'>doffffimus,</span> <span class='ocrx_word' id='word_1_493' title='bbox 1359 2509 1465 2542; x_wconf 90' lang='lat' dir='ltr'>quum</span> <span class='ocrx_word' id='word_1_494' title='bbox 1497 2494 1631 2541; x_wconf 83' lang='lat' dir='ltr'>alioqui</span> <span class='ocrx_word' id='word_1_495' title='bbox 1661 2493 1774 2527; x_wconf 83' lang='lat' dir='ltr'>foetus</span> <span class='ocrx_word' id='word_1_496' title='bbox 1803 2491 1852 2526; x_wconf 89' lang='lat' dir='ltr'>il-</span> 
     </span>
     <span class='ocr_line' id='line_1_100' title="bbox 1089 2541 1851 2594; baseline 0 -14"><span class='ocrx_word' id='word_1_497' title='bbox 1089 2546 1124 2581; x_wconf 89' lang='lat' dir='ltr'>le</span> <span class='ocrx_word' id='word_1_498' title='bbox 1153 2558 1171 2579; x_wconf 91' lang='lat' dir='ltr'>a</span> <span class='ocrx_word' id='word_1_499' title='bbox 1200 2546 1316 2594; x_wconf 87' lang='lat' dir='ltr'>capite</span> <span class='ocrx_word' id='word_1_500' title='bbox 1352 2545 1395 2582; x_wconf 85' lang='lat' dir='ltr'>ad</span> <span class='ocrx_word' id='word_1_501' title='bbox 1428 2546 1560 2581; x_wconf 85' lang='lat' dir='ltr'>calcem</span> <span class='ocrx_word' id='word_1_502' title='bbox 1593 2541 1851 2592; x_wconf 80' lang='lat' dir='ltr'>ineptiffimum</span> 
     </span>
    </p>
   </div>
   <div class='ocr_carea' id='block_1_23' title="bbox 1134 2592 1795 2643">
    <p class='ocr_par' dir='ltr' id='par_1_23' title="bbox 1134 2592 1795 2643">
     <span class='ocr_line' id='line_1_101' title="bbox 1134 2592 1795 2643; baseline -0.005 -9"><span class='ocrx_word' id='word_1_503' title='bbox 1134 2595 1168 2634; x_wconf 90' lang='lat' dir='ltr'>L</span> <span class='ocrx_word' id='word_1_504' title='bbox 1197 2606 1218 2643; x_wconf 72' lang='lat'>2</span> <span class='ocrx_word' id='word_1_505' title='bbox 1728 2592 1795 2640; x_wconf 45' lang='lat' dir='ltr'>falfi</span> 
     </span>
    </p>
   </div>
   <div class='ocr_carea' id='block_1_24' title="bbox 1052 2123 1057 2216">
    <p class='ocr_par' dir='ltr' id='par_1_24' title="bbox 1052 2123 1057 2216">
     <span class='ocr_line' id='line_1_102' title="bbox 1052 2123 1057 2216; baseline 0 873"><span class='ocrx_word' id='word_1_506' title='bbox 1052 2123 1057 2216; x_wconf 95' lang='lat' dir='ltr'> </span> 
     </span>
    </p>
   </div>
   <div class='ocr_carea' id='block_1_25' title="bbox 1053 2221 1058 2319">
    <p class='ocr_par' dir='ltr' id='par_1_25' title="bbox 1053 2221 1058 2319">
     <span class='ocr_line' id='line_1_103' title="bbox 1053 2221 1058 2319; baseline 0 770"><span class='ocrx_word' id='word_1_507' title='bbox 1053 2221 1058 2319; x_wconf 95' lang='lat' dir='ltr'> </span> 
     </span>
    </p>
   </div>
   <div class='ocr_carea' id='block_1_26' title="bbox 1054 2323 1062 2592">
    <p class='ocr_par' dir='ltr' id='par_1_26' title="bbox 1054 2323 1062 2592">
     <span class='ocr_line' id='line_1_104' title="bbox 1054 2323 1062 2592; baseline 0 497"><span class='ocrx_word' id='word_1_508' title='bbox 1054 2323 1062 2592; x_wconf 95' lang='lat' dir='ltr'> </span> 
     </span>
    </p>
   </div>
  </div>
 </body>
</html>
