2232 3089
495 174 546 216 71.

849 163 983 206 AN}
1006 164 1223 215 iocMT.
1255 161 1467 206 MEDIJ
1499 163 1662 207 AEVJ

1956 186 2009 226 72

436 217 564 254 Graeci
593 219 750 256 nominis
778 222 810 255 ὃς
841 222 986 270 Imperii
1026 209 1199 263 hffiibns,
1227 226 1273 273 {A
1308 222 1471 259 arbitrari
1514 224 1626 260 veluti
1668 237 1738 259 rem
1779 238 1795 259 a
1840 225 2070 265 fimilitudine

438 268 475 306 ὅ(
515 270 682 307 continua
729 272 819 307 bella
868 274 1081 310 Exarcharui
1124 289 1199 310 mo-

439 321 633 357 ventibus.
675 323 782 368 Quod
820 323 842 358 si
880 325 1026 372 Opilio,
1065 335 1104 361 ut
1142 325 1201 361 suo

438 371 589 409 arbitrio
615 371 675 408 fibi
705 372 810 422 fingit
838 376 1078 423 praelaudatus
1108 379 1200 411 Fon-

438 422 624 463 taninius,
671 425 855 461 Patavium
901 426 967 462 sese
1003 437 1200 474 receperat,

439 474 482 508 ab
513 474 784 522 [inperatoribus
821 477 963 513 Graecis
1000 477 1165 514 deficiens
1182 493 1202 522 ,·

439 523 546 571 eaque
601 525 638 560 in
685 527 780 562 Urbe
825 527 957 564 Charta
1005 529 1200 578 conscripta

441 574 531 611 fuit:
575 576 701 611 ritibus
743 591 861 613 eorum
901 589 1099 628 temporum
1142 581 1200 615 ad-

439 624 616 670 versatur,
645 626 813 664 Chartam
843 629 967 677 fignari
995 632 1201 673 Constamino

438 690 459 712 a
487 680 554 712 Deo
581 688 720 712 coronato
746 680 875 726 pacifiso
911 697 1024 729 magno
1062 685 1199 728 Impera-

434 738 520 766 tore,
549 741 656 775 quum
685 733 853 776 Regnante
882 737 968 778 Rege
997 734 1200 779 Liutprando

437 777 554 814 fuiffet
590 777 771 825 fignanda.
811 784 925 818 Immo
964 783 1127 820 abhorret
1164 798 1198 819 e-

437 827 526 863 tiam
553 841 572 864 a
597 841 702 872 ver0,
731 844 838 867 unum
867 833 1107 876 Constantinum
1127 837 1197 870 Co-

437 891 648 926 pronymum
687 880 725 915 in
762 895 800 917 ea
830 897 1035 932 pergamena
1064 898 1198 921 memo-

439 928 534 969 rari,
576 943 683 977 quum
722 933 798 968 Leo
836 934 969 971 Isaurus
1008 938 1202 984 Imperator

441 980 514 1028 ejus
542 989 640 1029 pater
659 982 770 1019 adhuc
798 984 1005 1033 imperaret.
1034 989 1065 1022 ἃ
1088 988 1200 1024 utriu-

439 1031 521 1077 1que
549 1032 695 1068 nomina
723 1033 936 1083 signarentur
964 1052 981 1073 a
1013 1039 1172 1074 Notariis
1191 1068 1199 1076 .

438 1083 557 1126 Quare
605 1082 723 1120 videat
774 1088 982 1133 Ancyranus
1036 1089 1171 1126 Praesul
1190 1119 1199 1135 ,

439 1132 545 1179 quam
575 1133 660 1169 bene
688 1135 721 1170 ei
749 1135 885 1180 sedeat,
922 1140 1128 1187 Opilionem
1159 1141 1198 1175 fi-

438 1195 483 1217 ne
525 1182 747 1221 dubitatione
789 1187 1199 1240 (CERTAMENTE)

438 1233 624 1270 obtrudere
666 1236 768 1272 nobis
813 1240 1012 1276 Exarchum
1061 1244 1199 1277 Raven-

438 1296 530 1328 nae,
567 1294 674 1332 atque
701 1287 856 1331 edicere,
895 1300 934 1326 ut
971 1292 1044 1339 ejus
1073 1306 1199 1329 nomen

438 1333 539 1379 (non
586 1335 728 1372 aliunde
769 1339 871 1374 nobis
909 1351 1033 1377 notum
1083 1344 1144 1379 nisi
1184 1358 1201 1380 e

439 1384 572 1420 Charta
609 1384 730 1422 salter-n
769 1389 897 1438 dubia)
935 1392 1125 1430 inferamus
1165 1395 1201 1429 in

440 1435 641 1484 catalogum
670 1439 931 1476 Exarchorum.
961 1445 1075 1487 Questo
1102 1445 1202 1486 Esar-

438 1499 470 1520 co
506 1486 651 1530 Opilt'one
686 1488 727 1522 ha
762 1491 805 1523 da
838 1491 921 1536 porfi
956 1502 1008 1526 tra
1042 1495 1140 1527 Paolo
1167 1495 1205 1528 ed

437 1536 591 1571 Euticbio
618 1537 703 1572 nella
735 1540 814 1583 serie
841 1542 927 1585 degli
953 1543 1110 1582 Esarchi.
1150 1546 1202 1580 Ita

440 1585 531 1637 ffler
563 1588 618 1623 At
655 1590 794 1633 quando
830 1590 900 1638 ipse
938 1593 1030 1629 nihil
1064 1594 1202 1630 dubita-

440 1637 519 1679 vit,
558 1638 745 1674 confiPtam
788 1641 961 1679 affirmare
998 1644 1203 1693 Inscriptio-

441 1700 522 1723 nem
553 1700 725 1725 marmore
752 1690 985 1740 insculptam,
1013 1709 1101 1743 quae
1128 1697 1203 1740 0ρὶ-

440 1738 523 1773 lioni
548 1737 609 1786 ipfi
640 1739 770 1787 posita,
807 1743 839 1777 &
878 1743 1027 1791 speciem
1056 1747 1203 1782 vetusta-

440 1789 489 1824 1is
518 1802 638 1837 gerens
657 1818 666 1831 ,
695 1791 805 1827 adhuc
835 1792 957 1830 visitur
986 1796 1021 1831 in
1051 1797 1204 1834 claustris

442 1840 610 1876 Patavini
639 1842 868 1879 Monasterii:
909 1846 1067 1883 Eruditis
1095 1848 1203 1884 etiam

441 1891 568 1927 licebit
605 1890 642 1927 in
681 1893 849 1939 posterum
888 1895 929 1931 de
961 1897 1064 1944 ipfius
1092 1899 1203 1935 Char-

443 1950 501 1975 tae
543 1942 757 1990 antiquitate
797 1958 836 1981 ac
873 1947 1105 1995 legitimitate
1142 1950 1204 1986 du-

445 1990 579 2026 bitare.
608 1992 714 2029 Certe
742 1995 839 2043 supra
869 1998 1027 2035 laudatus
1057 2001 1204 2037 Bacchi-

444 2042 548 2086 nius,
576 2055 683 2090 quum
713 2046 745 2079 &
774 2046 846 2093 ipse
874 2049 1065 2095 periculum
1105 2051 1204 2086 fecis-

441 2091 519 2135 set,
563 2107 607 2128 an
645 2095 686 2130 ad
726 2096 870 2141 Annum
911 2099 1041 2136 Christi
1086 2103 1204 2139 DCC-

442 2146 613 2180 xxxln.
662 2144 781 2182 referri
833 2149 942 2197 posset
1004 2150 1203 2199 hujusmodi

442 2194 576 2231 Charta
605 2194 664 2231 sub
692 2197 925 2235 Constantino
950 2203 1203 2251 Copronymo‚

443 2253 501 2281 tot
527 2246 754 2284 difficultates
781 2251 904 2287 obvias
931 2251 1076 2296 habuit,
1105 2264 1145 2290 ut
1169 2269 1204 2290 a-

444 2297 557 2346 bjefiffi
583 2298 647 2334 illa
674 2299 896 2348 conjeE’tura,
933 2302 970 2338 in
998 2303 1087 2340 hanc
1117 2307 1203 2341 alte-

445 2361 521 2384 ram
564 2349 778 2387 descenderit
807 2379 817 2395 ,
877 2353 1045 2390 videlicet
1096 2358 1205 2392 Anno

447 2398 580 2437 Christi
609 2404 844 2439 DCCXCIII.
883 2402 942 2438 sub
969 2404 1204 2442 Constantino

447 2452 526 2489 filio
567 2453 698 2490 Leonis
725 2455 760 2490 &
788 2455 902 2490 Irenes
930 2469 1004 2492 eam
1034 2456 1202 2493 Chartam

447 2505 547 2556 fuisse
573 2512 768 2545 exaratam.
797 2506 862 2544 Sed
889 2517 1034 2558 pergent
1061 2508 1204 2546 Eruditi

1309 274 1488 318 alienam,
1526 289 1567 310 eo
1602 277 1710 311 Auno
1747 276 1920 321 Opilionem
1951 281 2070 326 glorio-

1302 325 1374 369 sum
1411 326 1609 372 Imperialem
1644 328 1820 361 Patricium
1858 332 2070 365 Romanorum

1309 375 1430 419 fuisse,
1467 387 1526 412 aut
1555 379 1768 424 appellatum
1804 377 1923 419 fuisse,
1986 394 2068 416 uum

1309 427 1460 470 constet,
1490 441 1531 462 eo
1560 430 1670 463 titulo
1698 441 1736 463 ac
1757 442 1898 464 munere
1925 392 2071 479 iniigni-

1308 486 1384 513 tum
1423 478 1521 513 fuiffe
1549 477 1720 515 Carolum
1759 482 1930 529 Magnum
1961 483 2069 517 Pran-

1310 541 1429 564 corum
1460 532 1613 577 Regem,
1642 543 1753 578 neque
1778 540 1961 580 appareat,
1991 540 2067 568 tum

1310 581 1443 614 Romae
1470 593 1681 628 quemquam
1710 582 1883 617 exercitui
1916 586 2070 631 Impera-

1309 639 1424 666 torum
1449 633 1661 667 Graecorum
1684 631 1750 667 hoc
1771 633 1881 667 titulo
1902 633 2070 680 praefuis-

1309 680 1360 716 se.
1389 682 1494 727 Quod
1524 681 1546 716 fi
1574 682 1690 721 dicas,
1719 684 1898 718 Barbatum
1924 683 2070 726 domesti-

1308 746 1374 767 cum
1416 732 1536 766 numeri
1575 733 1798 772 Armeniaci,
1841 733 1935 769 inter
1971 734 2069 771 testes

1249 824 1262 832 „
1309 781 1603 827 subscribentem,
1632 783 1814 829 praefuisse
1843 783 1983 820 cohorti
2014 785 2072 821 seu

1247 1595 1277 1627 U

1309 833 1443 881 legioni
1489 833 1647 868 rnilitum
1689 837 1925 870 Armenorum
1951 849 1970 877 ;
2015 849 2069 871 re-

1309 883 1547 931 spondebunt,
1586 885 1738 919 muneris
1776 885 1877 932 hujus
1915 886 2069 922 mentio-

1310 949 1386 970 nem
1417 936 1545 970 bonum
1577 945 1668 970 certe
1697 936 1851 970 colorem
1890 936 1979 971 serae
2007 950 2070 972 an-

1309 986 1489 1033 tiquitatis
1518 984 1716 1035 praeferre5
1756 994 1791 1021 at
1819 985 1968 1021 difficile
1998 999 2072 1022 cre-

1308 1036 1344 1072 di
1381 1037 1494 1084 poffe,
1531 1046 1615 1072 tunc
1644 1036 1878 1084 Augustorum
1917 1039 2070 1073 Graeco-

1307 1101 1381 1123 rum
1412 1087 1568 1136 legiones
1599 1090 1730 1123 Romae
1759 1087 1970 1124 consedisse.
2000 1088 2069 1124 Ti-

1309 1139 1447 1175 muiffet
1475 1138 1535 1174 fibi
1563 1139 1605 1173 ab
1642 1140 1692 1175 eis
1730 1138 1922 1183 Pontifex,
1961 1152 2070 1185 quum

1308 1188 1433 1235 iniquo
1455 1188 1575 1222 anim-o
1604 1190 1761 1225 tulissent
1783 1189 1931 1233 Graeci,
1960 1192 2072 1225 Exar-

1309 1240 1450 1276 chatum
1494 1241 1736 1274 Ravennatem
1779 1252 1850 1274 non
1892 1240 2067 1275 redditum

1308 1290 1370 1326 fibi
1407 1305 1425 1326 a
1463 1289 1615 1338 Regibus
1659 1288 1800 1325 Francis
1843 1288 1973 1329 fuisse,
2016 1290 2072 1325 sed

1309 1343 1401 1378 dono
1429 1341 1548 1376 datum
1580 1340 1748 1376 Pontifici
1779 1342 1958 1376 Romano.
1999 1342 2074 1376 Ne-

1309 1406 1375 1439 que
1414 1396 1653 1426 Romanorum
1694 1390 1925 1425 patriciatum
1958 1392 2071 1426 Caro-

1308 1443 1361 1476 lus
1389 1443 1541 1484 Maanus
1579 1440 1783 1487 accepisset,
1821 1439 1843 1475 sl
1875 1442 2008 1477 Romae
2036 1455 2073 1477 a-

1309 1492 1398 1527 dhuc
1440 1493 1654 1526 Graecorum
1697 1490 1871 1526 exercitus
1909 1491 2072 1528 domina-

1310 1553 1364 1578 tus
1393 1542 1528 1577 fuisset.
1560 1544 1684 1589 Neque
1713 1541 1805 1576 idem
1829 1542 1976 1578 Carolus
1999 1552 2072 1578 tam

1310 1593 1412 1629 facile
1451 1596 1623 1632 Romam,
1660 1593 1815 1628 nondum
1854 1594 2072 1638 Imperator,

1311 1645 1484 1689 profestos
1522 1643 1663 1683 fuisset,
1701 1642 1722 1677 fi
1760 1645 1973 1678 Graecorum
2012 1656 2073 1678 co-

1311 1695 1388 1742 piae
1429 1695 1528 1730 illam
1559 1694 1786 1729 muniiffent.
1825 1693 1948 1729 Eidem
1987 1696 2087 1744 vero-

1311 1746 1396 1782 licet
1429 1746 1600 1780 duntaxat
1639 1744 1794 1780 Patricio
1831 1745 1970 1791 Populus
2002 1749 2072 1779 Ro-

1311 1811 1422 1832 mamn
1452 1796 1553 1840 fidem
1587 1796 1630 1830 θ’
1660 1795 1882 1839 subjffflionem
1915 1794 2074 1839 jurabat,

1311 1856 1350 1883 ut
1391 1848 1496 1883 habet
1537 1846 1757 1893 Eginhardus
1794 1845 1831 1882 in
1869 1846 2071 1881 Annalibus

1312 1898 1351 1934 ad
1381 1900 1523 1933 Annum
1552 1899 1785 1934 DCCXCVI.
1815 1899 1995 1932 Praeterea
2017 1897 2073 1933 vi-

1313 1950 1413 1985 detur
1440 1948 1552 1985 aliena
1579 1963 1596 1984 a
1621 1948 1838 1997 temporibus
1867 1947 1912 1983 iis
1939 1947 2074 1984 formu-

1305 2001 1345 2036 .la
1373 1999 1462 2035 illa:
1494 2014 1547 2034 nee
1571 2000 1812 2045 supplicandum
1848 1997 2072 2045 Principibus,

1313 2064 1408 2098 neque
1443 2063 1497 2097 per
1532 2050 1670 2092 Ecclesia
1709 2049 1980 2094 interpellacione,
2016 2058 2074 2084 aur

1311 2113 1365 2147 per
1401 2103 1582 2148 Regalem‚
1619 2102 1674 2135 vel
1707 2099 1871 2142 Imperiali
1906 2099 2074 2144 magestate

1312 2153 1367 2186 vel
1390 2153 1538 2198 potestate
1566 2151 1632 2183 &a
1662 2147 1753 2183 Vide
1783 2147 2073 2184 Differtatiouem

1313 2204 1376 2237 VI.
1411 2204 1450 2234 de
1485 2199 1746 2240 marchionibus,
1783 2197 1821 2234 in
1859 2211 1926 2246 qua
1959 2198 2073 2236 Char-

1312 2261 1383 2288 tam
1404 2249 1643 2286 Pistoriensem
1666 2249 1815 2298 produxi
1836 2251 1940 2285 Anno
1961 2252 2072 2287 MIV.

1313 2310 1489 2339 exaratam
1511 2329 1519 2337 .
1555 2301 1610 2338 Ibi
1647 2300 1732 2336 haec
1771 2300 1946 2340 formula,
1984 2314 2072 2349 quae

1313 2353 1430 2401 potius
1459 2366 1571 2388 mores
1600 2351 1714 2389 Seculi
1745 2353 1786 2388 X.
1808 2350 1845 2388 ἃ
1874 2354 1932 2387 XI.
1962 2351 2073 2399 sapit.

1314 2404 1420 2441 Hisce
1449 2404 1533 2440 adde
1551 2433 1562 2448 ,
1591 2403 1718 2440 scatere
1746 2403 1869 2439 nimiis
1897 2402 2072 2438 erroribus

1312 2455 1505 2500 Chartam,
1532 2457 1565 2491 ὅ(
1595 2466 1708 2491 carere
1735 2455 1838 2497 loco,
1875 2453 1933 2490 ubi
1964 2452 2071 2510 fuerit

1312 2506 1465 2558 scripta,
1493 2506 1632 2558 aliaque
1667 2505 1721 2548 ibi
1747 2518 1926 2544 occurrere
1953 2512 2043 2538 vma
2059 2527 2073 2552 2

1934 2567 2021 2603 quae
