2232 3089
456 144 510 193 63
811 133 1185 194 ANTIQUJT.
1216 130 1430 177 MEDII
1464 130 1625 175 AEVI

1920 136 1978 191 '64

398 197 513 232 clefias
541 196 576 232 &
613 194 761 232 Castella
797 195 870 244 ipse
897 195 1020 239 addit,
1049 196 1158 229 immu—
1204 197 1236 231 A
1279 192 1371 228 hisce
1398 190 1621 227 deferendum
1659 197 1772 241 puto,
1807 191 1898 229 mihi
1929 195 2036 231 etiam

398 248 512 282 nitatis
539 248 795 293 praerogativam
829 257 885 291 per
909 250 971 281 duo
1006 245 1163 280 milliaria

398 298 479 333 circa
505 298 603 343 ipsam
632 297 796 338 Ecclesiam
820 300 1003 332 extendens.
1029 298 1160 331 Datum

399 348 533 385 dicitur
562 349 729 396 Diploma
768 351 822 384 VI.
851 350 926 384 Idus
953 346 1163 386 Novembris,

399 404 502 436 Anno
530 403 569 434 ab
597 399 812 434 Incarnatione
841 400 972 435 Dommi
1003 399 1163 432 DCCLV.

400 451 575 486 Indifflom
595 453 706 485 Nona.
734 450 797 485 Sed
821 462 926 496 quum
950 450 1074 484 Annus
1098 449 1163 482 Re-

402 502 464 550 gni
502 500 646 549 Pippini
684 500 762 536 heic
798 499 1026 543 desideretur,
1053 499 1086 533 &
1118 499 1165 532 E-

402 552 515 600 pocha
563 550 759 586 Christiana
805 550 1014 598 usurpetur,
1060 560 1164 596 quam

403 604 510 651 longe
535 602 640 637 serius
669 604 878 637 Francorum
908 603 1018 649 Reges
1045 599 1082 635 in
1110 598 1166 633 sua

407 655 594 700 Praecepta
631 652 818 694 invexere,
855 651 921 687 hoc
958 663 1094 693 unum,
1129 656 1169 684 ut
1220 659 1247 692 B

407 704 476 740 alia
505 712 738 751 praeteream,
766 701 848 737 satis
876 701 920 737 est
957 702 997 736 ad
1026 701 1168 736 inuren-

406 754 488 790 dam
520 752 717 799 Diplomati
746 752 803 787 illi
841 751 1000 787 falsitatis
1030 760 1089 786 aut
1116 749 1171 785 in-

406 802 657 852 terpolationis
675 811 792 837 notam
808 829 817 837 .
834 802 1067 850 Privilegium
1084 814 1172 848 quo-

409 868 479 902 que
514 852 714 900 corbejenfi
752 853 939 888 Coenobio
976 866 994 887 a
1024 850 1172 887 Benedi-

411 905 471 941 Sto
498 906 563 940 111.
594 905 684 951 Papa
711 905 820 939 Anno
854 902 987 939 Christi
1024 902 1174 938 DCCC·

412 958 495 993 LV.
524 964 563 999 ut
600 953 779 998 creditur,
816 953 1034 996 concessum,
1071 961 1175 1000 atque

414 1006 550 1042 editum
579 1005 621 1040 ab
648 1005 769 1040 eodem
799 1004 976 1040 Dacherio
1005 1006 1113 1039 Tom.
1143 1015 1176 1050 3.

413 1070 492 1106 pag.
517 1068 600 1104 343.
622 1055 749 1090 noviss.
770 1055 920 1091 edition.
946 1054 1176 1103 suspicionem

1280 242 1455 279 filentium
1493 242 1699 290 imperavi,
1736 252 1841 288 atque
1876 245 2038 281 ulteriori

1279 293 1436 330 examini
1465 307 1590 341 parco.
1628 292 1813 343 Congeffit
1850 294 1956 330 etiam
1985 295 2040 332 su-

1281 359 1340 393 pra
1359 355 1572 381 memoratus
1588 345 1730 380 Vindex
1747 343 1924 380 Censurae
1940 345 2041 382 Con-

1281 395 1461 444 ringianae
1488 395 1621 430 diversa
1654 395 1860 443 Diplomata
1892 395 2043 444 supposi-

1281 446 1368 481 ticia
1389 459 1475 481 aevo
1496 445 1668 482 Carolino
1688 446 1844 495 tributa;
1864 447 1933 482 alia
1953 460 2043 494 quo-

1283 509 1350 544 que
1377 495 1526 543 ejusdem
1556 496 1698 533 furfuris
1725 496 1902 533 indicavit
1935 510 2045 545 nuper

1284 548 1476 582 celebratus
1504 547 1740 583 Mabillonius
1775 549 1815 583 in
1842 548 2042 583 Annalibus

1286 596 1548 639 Benefflfifinis,
1574 598 1611 632 ea
1639 597 1835 633 sinceritate
1864 611 1901 633 ac
1927 611 2043 633 amore

1287 647 1469 686 veritatis,
1508 661 1612 694 quam
1655 647 1690 683 in
1733 648 1861 694 quovis
1903 647 2046 684 honesto

1287 697 1461 745 Scriptore
1489 710 1593 733 nemo
1621 697 1767 732 nostium
1796 697 1860 735 est.
1888 698 1948 746 qui
1976 712 2047 734 non

1287 747 1451 797 exposcat
1477 748 1511 782 δε
1539 747 1677 783 laudet.
1704 747 1767 783 Sed
1795 748 1828 783 &
1867 749 1944 784 heic
1976 763 2047 785 uno

1236 819 1244 825 ²
1288 799 1451 845 exemplo
1488 807 1647 833 utamur.
1685 799 1780 833 Inter
1815 799 1947 835 eximia
1977 802 2048 835 Ita-

415 1107 488 1143 falsi
513 1109 602 1142 mihi
624 1105 830 1155 ingessisset,
852 1106 914 1141 nifi
941 1104 1179 1141 Mabillonius
1219 1108 1255 1146 C

415 1160 462 1193 V.
483 1158 541 1192 (ΣΙ.
565 1157 770 1193 authentico
790 1156 984 1205 exemplari
1008 1155 1046 1191 in
1067 1155 1177 1190 Char—

415 1216 452 1243 ta
490 1207 712 1256 Aegyptiaca
747 1217 907 1255 reperto,
940 1203 1180 1241 Dacherianae

416 1258 587 1294 editionis
613 1270 743 1294 errores
768 1257 933 1305 quosdam
960 1255 1180 1291 absterfiffet.

417 1310 602 1346 Nimirum
642 1307 817 1343 verbofior
842 1307 973 1354 quippe
1009 1305 1101 1340 mihi
1129 1305 1178 1339 ul-

416 1368 471 1394 tra
508 1370 641 1394 morem
683 1357 735 1392 ibi
776 1356 962 1393 videbatur
1004 1358 1183 1392 Romanus

417 1408 607 1446 Pontifex.
645 1408 752 1453 Quod
789 1407 812 1442 fi
843 1406 1037 1444 Lotharius
1074 1409 1183 1441 Anno

417 1460 539 1496 eodem
579 1459 796 1494 DCCCLV.
834 1467 969 1503 quarto,
1005 1463 1067 1490 aut
1097 1455 1185 1499 semo

419 1511 588 1547 Kalendas
624 1507 767 1542 offlobris
803 1505 910 1542 finem
953 1503 1097 1541 vivendi
1135 1503 1185 1540 fe-

420 1561 494 1600 cit,
521 1561 554 1595 8<
593 1560 733 1607 aliquot
769 1557 876 1594 etiam
917 1565 998 1592 ante
1033 1564 1184 1591 mortem

420 1612 542 1647 diebus
580 1609 735 1656 irnperio
774 1608 841 1644 sese
877 1607 1077 1650 abdicarat,
1105 1605 1188 1654 quei

421 1661 617 1709 (dicebam
655 1659 755 1708 ego)
791 1658 833 1694 ad
871 1661 983 1693 Nonas
1015 1656 1187 1692 OHubrias

420 1715 576 1747 nondum
605 1710 643 1746 in
673 1710 778 1746 Italia
816 1711 1021 1746 innotuerat
1047 1708 1121 1756 ejus
1147 1720 1187 1742 o·-

421 1763 540 1804 bitus‚
561 1771 621 1796 aut
647 1760 768 1796 saltem
796 1758 998 1795 abdicatio?
1023 1759 1081 1794 Ad
1105 1759 1188 1794 haec

421 1812 523 1849 Anni
571 1810 806 1847 pontificatus
848 1809 1033 1847 Benedie'ti
1076 1811 1189 1857 Papae

421 1864 474 1900 ibi
503 1876 572 1899 non
604 1864 792 1912 leguntur,
820 1875 907 1910 quos
933 1870 1052 1896 tamen
1081 1873 1188 1908 appo-

422 1926 503 1949 nere
539 1915 576 1950 in
615 1926 711 1949 more
743 1912 836 1948 fuit.
873 1911 990 1948 Mitto
1019 1911 1089 1947 alia
1118 1912 1188 1945 Da-

423 1964 608 1999 cherianae
628 1964 798 1999 editionis
825 1962 1040 2010 sphalmata,
1063 1971 1103 1997 ut
1122 1961 1190 1996 hoc

423 2027 533 2049 unum
571 2013 759 2059 adjiciam.
799 2014 945 2048 Scilicet
973 2012 1112 2047 decerni
1145 2012 1190 2047 il-
1243 2013 1272 2046 E

424 2065 473 2100 lic
501 2064 678 2100 Abbatem
708 2065 750 2098 ab
784 2063 869 2096 omni
898 2061 1082 2108 Episcopali
1109 2061 1191 2095 libe-

424 2128 494 2149 rum
519 2115 754 2152 dominatione,
784 2113 944 2154 Christum
979 2113 1192 2147 tantummodo

416 2165 567 2210 Judt'cem
598 2164 829 2207 habiturum,
862 2166 914 2197 cui
940 2163 1121 2197 redditurus
1151 2162 1192 2204 es}

424 2218 465 2250 de
490 2216 617 2250 creditis
646 2214 711 2255 fibi
740 2214 851 2248 ovibus
888 2214 1060 2248 rationem.
1098 2214 1190 2248 Ace—

426 2265 550 2314 phalus
571 2278 654 2314 ergo
678 2264 784 2299 fuerit
804 2262 1026 2311 corbejenfis
1049 2263 1191 2307 Abbas,

427 2328 535 2364 quum
563 2329 608 2351 ne
645 2314 706 2361 ipsi
733 2314 875 2362 quidem
917 2317 1093 2349 Romanae
1124 2315 1190 2348 Ec-

427 2366 547 2402 clesiae
585 2365 776 2413 subjefflzum
811 2364 1064 2400 Monai'lerium
1100 2363 1191 2398 illud

426 2417 591 2453 dicatur.
627 2418 692 2452 Sed
730 2416 896 2464 quoniam
936 2413 1042 2449 aliter
1075 2412 1189 2448 visum

429 2467 476 2503 est
501 2466 745 2511 Mabillonio,
779 2465 840 2502 cui
865 2465 965 2514 supra
990 2471 1124 2500 ceteros
1153 2463 1193 2499 in

1231 1561 1264 1595 D

1288 850 1356 885 liae
1398 847 1609 883 Monasteria
1657 849 1906 885 numerandum
1956 859 2048 886 certe

1291 899 1501 936 patavinum
1530 897 1675 935 Sanciae
1700 898 1872 942 justinae,
1901 899 2050 936 fateatur

1290 949 1548 997 unusquisque,
1586 949 1692 997 idque
1728 949 1851 985 multis
1893 950 2052 986 nomini-

1292 1003 1372 1037 bus.
1400 1001 1484 1049 Ejus
1521 1000 1723 1043 institutor,
1751 999 1819 1035 five
1853 999 2051 1048 amplifica-

1291 1061 1369 1095 tor,
1399 1052 1531 1087 dicitur
1558 1051 1683 1098 Opilio,
1705 1064 1808 1098 quern
1837 1052 1969 1087 nobilem
1995 1052 2054 1086 Ci-

1291 1116 1363 1136 vem
1403 1103 1628 1146 Patavinum,
1671 1102 1840 1148 itidemque
1881 1103 2056 1137 Patricium

1295 1156 1472 1186 Romanum
1493 1152 1719 1187 Scardeonius
1743 1153 1897 1200 appellat
1917 1153 2000 1188 Lib.
2022 1146 2067 1199 3.Ἰ

1295 1201 1405 1238 Class.
1446 1212 1502 1249 13.
1541 1201 1763 1248 Antiquitat.
1802 1202 1962 1237 Patavin.
1999 1202 2058 1238 U-

1294 1251 1447 1301 ghellius
1483 1259 1600 1286 autem
1637 1251 1674 1287 in
1713 1252 1792 1286 Ital.
1820 1254 1910 1286 Sacr.
1937 1254 2058 1288 Tomo

1296 1301 1466 1351 quin&o‚
1502 1301 1707 1349 opilionis,
1746 1302 1815 1335 Viri
1850 1302 2059 1347 Consularis,

1296 1363 1336 1389 ut
1366 1353 1394 1388 is
1421 1352 1494 1393 ait,
1521 1361 1668 1387 aetatem
1698 1351 1739 1385 ad
1765 1353 1925 1386 Seculum
1952 1352 2061 1388 Chri-

1297 1403 1337 1438 sti
1374 1401 1572 1446 QuinEium
1609 1400 1742 1445 refert,
1778 1402 1811 1435 &
1850 1401 1941 1449 quasi
1980 1416 2061 1438 eum

1297 1451 1408 1488 noffet
1434 1451 1475 1486 de
1501 1450 1598 1490 visu,
1624 1452 1724 1486 ,Αέιίὶ
1747 1451 1816 1485 viri
1837 1453 1996 1497 clariffimi
2014 1453 2063 1497 fi·-

1298 1503 1378 1537 lium
1408 1512 1608 1550 nuncupat,
1637 1503 1735 1551 cujus
1776 1501 1908 1537 virtute
1942 1503 2065 1539 Alari-

1301 1566 1359 1589 cus
1396 1563 1501 1600 atque
1531 1553 1651 1588 Attila
1689 1552 1824 1588 barbari
1865 1554 1973 1601 Reges
2009 1567 2062 1589 re-

1301 1603 1401 1653 preffi
1422 1603 1535 1639 fuere.
1556 1603 1736 1639 Cavaccio
1760 1603 1797 1639 in
1820 1603 1950 1638 Histor.
1971 1606 2064 1639 Coe·

1304 1654 1402 1690 nobii
1431 1654 1575 1689 Semelae
1606 1653 1755 1697 Iustinae
1792 1653 1909 1690 eadem
1941 1655 2065 1702 opinio

1305 1715 1405 1742 antea
1428 1705 1582 1753 placuit.
1608 1708 1743 1740 Contra
1766 1705 1911 1740 Ursatus
1936 1704 1973 1739 in
1999 1706 2069 1741 Hi-

1304 1756 1383 1792 ssor.
1406 1755 1565 1791 Patavin.
1588 1755 1669 1791 Lib.
1692 1769 1726 1792 2.
1747 1769 1824 1791 eum
1848 1755 1973 1790 vixisse
1995 1766 2068 1791 tra-

1305 1807 1360 1843 dit
1386 1808 1494 1842 Anno
1515 1805 1649 1842 Christi
1678 1808 1848 1842 Dxxlv.
1872 1804 2070 1854 improbat-

1307 1871 1373 1906 que
1399 1856 1550 1905 lapidem
1577 1857 1676 1893 illius
1703 1856 1893 1893 memoriae
1920 1856 2069 1903 positum

1308 1922 1327 1944 a
1355 1907 1618 1951 Benediffinis,
1645 1908 1684 1943 in
1721 1921 1792 1956 quo
1828 1908 1888 1944 sub
1918 1908 2071 1943 Hadria-

1309 1973 1355 1994 no
1385 1958 1539 2007 Augusto
1576 1957 1719 1994 circiter
1755 1961 1900 1994 Annum
1939 1957 2071 1994 Christi

1309 2012 1458 2046 CXXV.
1484 2008 1667 2057 Opilionis
1705 2009 1806 2057 hujus
1843 2009 1931 2044 Vita
1959 2009 2070 2043 collo-

1310 2070 1386 2096 cata
1406 2059 1496 2095 fuit.
1514 2062 1566 2095 En
1589 2068 1627 2095 ut
1644 2059 1748 2094 facile
1766 2058 1958 2105 gratiffima
1979 2057 2071 2091 sorn-

1311 2111 1370 2146 nia
1407 2110 1468 2145 fibi
1505 2110 1636 2144 cudunt
1673 2107 1862 2146 homines,
1899 2106 1961 2154 qui
2000 2120 2071 2141 non

1309 2160 1404 2208 quod
1426 2170 1545 2192 verum
1561 2183 1571 2199 ,
1596 2156 1653 2191 sed
1672 2158 1765 2203 quod
1791 2156 1851 2192 sibi
1876 2157 1977 2192 dulce
2005 2157 2073 2196 est,

1311 2207 1567 2256 imaginatione
1587 2216 1725 2242 tantum
1744 2207 1971 2255 concipiunt.
1993 2209 2074 2243 Ma-

1313 2257 1482 2295 billonius
1514 2260 1610 2304 fupra
1639 2267 1851 2293 memoratus
1882 2259 1918 2293 in
1952 2261 2075 2293 Anna-

1313 2311 1375 2345 lib.
1412 2307 1632 2343 Benediffin.
1670 2308 1712 2344 ad
1741 2310 1884 2344 Annum
1922 2310 2076 2344 DCCC-

1313 2362 1425 2397 Lxx.
1445 2362 1482 2394 in
1502 2359 1676 2407 originem
1707 2359 1851 2407 inssgnis
1870 2359 1970 2394 illius
1991 2360 2076 2393 Μο-

1314 2409 1450 2446 nasterii
1478 2409 1660 2457 inquirens
1677 2437 1686 2453 ‚
1722 2410 1906 2458 Opilionis
1933 2411 1967 2445 δ(
2003 2408 2077 2455 ipse

1313 2459 1505 2497 meminit.
1542 2461 1638 2496 Tum
1676 2460 1801 2501 addit,
1840 2461 1879 2497 in
1915 2458 2078 2497 „archivo

1938 2522 2012 2557 ejus
