2232 3089
489 241 575 280 937
827 227 1256 272 HJSTORJAE
1298 227 1670 273 ROMANAE
1920 237 2007 292 938

430 295 448 318 e
478 283 617 319 refocao
645 283 756 321 moire
783 284 1076 323 Cummunanze.
1106 287 1197 324 Mise

430 347 450 370 a
478 335 610 376 robba,
641 349 658 371 e
687 347 855 384 portaone
893 339 926 373 le
964 338 1132 375 ferumine
1159 339 1196 375 in

429 385 610 422 Tuscana.
644 390 829 423 Revenneo
852 389 974 433 Siena,
1005 389 1197 435 Fiorenza,

429 438 600 475 Arezzo,
638 451 655 472 e
685 438 795 473 moite
833 440 964 475 Terre.
1004 443 1055 476 La
1095 454 1193 487 pecu—

429 488 490 522 nia
514 497 652 533 parteva
676 487 736 523 fra'
766 487 838 524 suoi
869 492 1076 539 compagni.
1108 493 1194 528 Puoi

429 549 475 573 ne
505 538 614 575 oaffao
644 551 685 574 ne
713 541 745 573 la
776 539 924 585 Marwa,
962 555 979 577 e
1008 542 1195 579 consumao

429 588 458 623 li
487 587 683 624 Malatesti.
715 591 852 638 Figliao
880 605 940 640 per
967 592 1061 629 forza
1086 594 1192 630 Mon-

429 638 664 680 tefelarrano,
693 655 711 676 e
741 643 860 678 Fxlino
879 671 887 686 ,
917 644 1007 680 dove
1038 646 1194 681 morior-0

428 691 492 738 pih
528 691 569 726 de
607 691 813 728 setteciento
852 694 1003 730 villani.
1033 696 1120 732 Arse
1162 698 1192 731 le

427 741 567 784 Terre,
604 755 622 776 e
660 744 894 780 derobbaole.
935 747 1123 783 Revenneo
1166 749 1204 784 li·

426 790 590 837 homini,
619 806 637 828 e
667 805 834 841 portaone
861 797 894 830 le
921 797 1059 838 donne,
1093 802 1188 846 quel-

425 842 483 885 le,
512 843 574 878 che
603 845 804 892 apparentia
833 847 1011 884 haveano.
1042 849 1124 897 (58)
1145 853 1181 886 E-

425 907 528 929 rance
565 908 657 939 uno,
699 896 762 931 che
805 897 836 933 se
874 898 971 934 dicea
1012 902 1115 937 Fiore
1151 902 1192 938 de
1223 907 1236 914 ⁶

424 947 532 981 Santo
569 947 671 989 janni
692 975 701 989 ‚
741 947 848 984 homo
876 949 1038 986 folle-cito
1065 966 1084 987 e
1112 966 1173 996 pro

424 997 497 1039 do,
527 997 566 1032 de
599 999 632 1033 la
660 999 695 1033 di
728 999 784 1034 cui
823 1002 992 1048 prodezza
1028 1001 1060 1038 se
1096 1003 1188 1040 dice-

419 1061 507 1083 -rao.
536 1048 667 1093 Queffo
696 1048 803 1085 havea
829 1052 1016 1099 acquistata
1038 1053 1079 1089 de
1099 1055 1190 1091 moi·

423 1107 461 1134 ta
490 1100 636 1146 pecunia
666 1113 706 1148 pe
725 1101 758 1136 le
782 1102 962 1143 robbarie‚
991 1117 1032 1152 pe
1060 1106 1092 1141 le
1115 1119 1189 1149 pre-

424 1149 491 1185 de.
521 1152 643 1186 Havea
673 1161 769 1186 tanta
799 1164 960 1193 moneta,
999 1154 1062 1190 che
1091 1167 1188 1203 pote-

421 1353 503 1388 dare
539 1355 736 1402 provifione
765 1355 806 1389 da
843 1356 880 1389 lo
916 1357 1104 1392 Comuno.
1132 1359 1185 1394 La

418 1403 465 1439 fia
504 1415 645 1440 moneta
682 1405 747 1439 deo
775 1417 792 1439 3
821 1405 848 1439 li
886 1407 1129 1451 Mer-catanti.
1166 1422 1185 1445 e

419 1467 651 1490 commannao
679 1467 698 1491 a
726 1454 752 1490 li
782 1455 877 1491 Frati
896 1484 905 1500 ‚
941 1457 1004 1492 {he
1031 1459 1183 1496 aveffero

416 1514 471 1541 tra
501 1507 709 1554 loro'pace‚
748 1519 766 1542 e
803 1519 873 1542 non
911 1507 1071 1544 faceffero
1098 1523 1181 1545 con·

415 1556 604 1605 tentione;
646 1557 708 1592 cha
747 1557 872 1605 poiche
900 1559 927 1594 li
955 1559 1064 1595 havea
1092 1562 1180 1596 allo-

413 1608 514 1653 cati‚
552 1608 742 1643 intenneva
770 1609 810 1644 de
840 1608 966 1645 servire
993 1624 1012 1646 3
1039 1612 1076 1646 10
1106 1614 1177 1649 Ha-

413 1658 493 1693 vito
530 1658 598 1695 fio.
635 1661 707 1695 Gio
745 1662 809 1695 Fra
847 1662 1005 1696 Moreale
1041 1662 1179 1700 aitrove

412 1721 474 1755 per
501 1710 583 1745 aitri
615 1710 662 1745 soi
693 1710 842 1746 mestieri
872 1711 966 1747 fare.
998 1713 1085 1748 Puoi
1114 1715 1177 1750 che

411 1761 501 1796 cola
531 1760 571 1796 de
611 1762 745 1797 Rienzo
782 1762 895 1797 sentio
933 1763 1110 1799 demorare
1138 1766 1175 1801 in

412 1811 572 1847 Pe.-01'cia
602 1813 747 1849 Miffore
774 1813 987 1848 Arimbaldo
1015 1815 1055 1849 de
1083 1818 1172 1852 Nar·

408 1862 472 1901 ba,
502 1863 608 1898 homo
639 1864 780 1909 jovine,
808 1876 826 1897 e
855 1876 1002 1911 perzona
1031 1867 1172 1902 lettera-

406 1922 469 1952 ta,
497 1914 659 1949 abbiaose
679 1927 697 1948 3
726 1915 761 1948 10
790 1912 836 1948 fio
865 1914 1024 1955 hostieri,
1053 1931 1071 1952 e
1094 1917 1170 1953 voi-

405 1977 446 2000 ze
470 1977 533 2001 con
562 1964 630 1999 effo
660 1977 840 2011 pranzare.
868 1969 978 2000 sumto
995 1968 1061 2001 cibo
1082 1978 1170 2004 met-

403 2023 440 2051 te
468 2028 572 2050 mano
599 2013 694 2049 Cola
722 2016 762 2049 de
794 2016 929 2052 Rienzo
958 2030 976 2052 3
1004 2017 1170 2055 favellare

403 2066 444 2100 de
473 2067 506 2100 13
545 2066 703 2113 potentia
740 2065 792 2101 de’
812 2066 986 2102 Romani.
1026 2069 1169 2105 Misteca
1193 2071 1197 2114 Ι

1235 291 1268 325 Α
1303 286 1349 324 &³
1385 289 1603 334 depraedatis,
1642 291 1781 335 seminas
1821 291 1951 328 illarum
1991 307 2068 342 par-

1303 340 1382 372 tium
1424 340 1458 372 in
1495 341 1640 384 Tusciam
1675 344 1849 387 perduxit.
1887 347 2068 391 senarum,

1303 391 1506 433 Florentiae,
1535 392 1668 437 Antii,
1697 394 1738 432 ὅ)
1767 395 1908 442 plurium
1931 397 2066 432 aliorum

1299 441 1484 487 populorum
1526 444 1620 477 Urbes
1658 447 1758 490 pretio
1798 447 1978 488 vendidit,
2023 449 2067 482 (9·

1299 493 1462 538 pecuniam
1481 506 1548 527 cum
1571 494 1662 538 sociis
1683 495 1750 538 suis
1771 498 1974 545 dispertivit.
2003 501 2067 533 Po-

1294 542 1364 584 stea
1392 543 1426 576 in
1453 545 1645 579 Marchiamr
1659 546 1834 593 profe-fias,
1874 549 2066 592 Malatestas

1299 593 1471 634 destruxit.
1502 596 1659 630 Violenter
1685 599 1829 633 Mentem
1856 602 2063 635 Feretranum

1301 644 1347 682 εἴφ’
1393 646 1539 681 Filinum
1579 648 1674 682 armis
1710 648 1775 690 sibi
1808 650 1942 695 subjecit
1961 678 1971 696 ‚
2007 652 2066 687 ubi

1298 695 1462 742 plusquam
1486 698 1681 745 septingenti
1708 699 1813 741 rustici
1837 703 2062 738 occubuerunt.

1297 747 1424 792 Oppida
1451 762 1486 782 ac
1522 759 1621 783 terras
1657 751 1832 795 incendiis,
1867 765 1903 786 ac
1934 753 2064 798 praedis

1297 798 1470 841 absumsit.
1510 801 1596 834 Viro,
1634 802 1766 847 pecunia
1801 815 1916 837 venum
1951 804 2063 844 dedit,

1297 846 1341 884 dy
1371 850 1514 883 mulieres
1535 851 1727 893 specialiores
1753 863 1857 896 captas
1885 852 1984 896 secum
2003 855 2061 889 ab·

1296 899 1407 933 duxit.
1437 901 1523 933 Inter
1548 901 1660 934 SanHi
1687 902 1849 946 johannis
1880 906 2061 951 Hierosoly-

1296 949 1412 983 mitani
1453 951 1581 984 Milites
1618 951 1792 998 adscriptus
1828 954 1936 996 fuerat
1977 956 2060 989 idem

1297 1001 1472 1038 Mortalis,
1500 1000 1553 1033 vir
1573 1001 1670 1044 solers
1696 1016 1731 1034 ae
1752 1002 1866 1044 sortis.
1905 1006 1943 1036 de
1970 1006 2059 1047 cujus

1289 1050 1436 1094 speHata
1461 1050 1585 1084 virtute
1612 1051 1705 1091 sermo
1731 1052 1814 1087 erit.
1852 1053 1911 1095 Iste
1946 1067 1983 1088 ex
2008 1055 2059 1089 la-

1294 1102 1434 1134 trociniis
1452 1124 1463 1139 ‚
1506 1115 1542 1135 ac
1586 1102 1882 1148 depraedationibus
1926 1106 2059 1139 multam

1291 1151 1454 1196 pecuniam
1482 1157 1639 1197 coe-'gerat-
1667 1156 1762 1188 Adeo
1797 1153 1872 1189 bene
1909 1166 2056 1190 namatus

423 1213 468 1235 va
490 1199 804 1238 sofficienremente
827 1204 947 1240 vivere
969 1206 1008 1240 ad
1036 1206 1187 1245 honore,
1223 1202 1270 1245 Cj
1291 1211 1359 1235 ΝΜ
1379 1228 1389 1246 ,
1427 1213 1463 1236 “¹
1500 1204 1704 1249 decent'ffi'm
1742 1206 1851 1239 vivere
1888 1206 2055 1252 [vmiffeh

421 1250 522 1287 senza
543 1253 608 1310 ji-re
631 1253 694 1311 pih·
710 1252 857 1290 sonato.
880 1256 1055 1312 Connuffe
1080 1256 1187 1314 quest}
1211 1268 1214 1316 Ι

421 1301 489 1337 doa
527 1303 577 1338 [οι
615 1303 696 1339 fratl
734 1304 772 1339 in
810 1305 965 1339 Perosc1a
987 1329 997 1343 ‚
1025 1318 1042 1340 e
1084 1306 1186 1343 feceh
1210 1317 1214 1358 Ι

1291 1252 1335 1285 (9¹
1363 1253 1512 1289 militaris
1540 1254 1629 1288 vitae
1665 1256 1841 1290 exercitium
1876 1258 2052 1294 dimittere.

1289 1306 1453 1339 Laudatas
1478 1309 1552 1339 duos
1577 1305 1693 1349 fratres
1714 1307 1786 1351 suos
1810 1309 1972 1348 Perufium
1990 1310 2053 1343 du-

1289 1355 1358 1398 xit,
1387 1356 1498 1402 quibus
1514 1383 1525 1400 ‚
1553 1368 1589 1390 ut
1615 1360 1783 1392 Commune
1802 1358 1965 1405 stipendia
1989 1363 2051 1395 da-

1287 1416 1354 1448 ret,
1384 1406 1504 1452 effecit.
1542 1409 1707 1455 Proprium
1742 1423 1793 1444 aes
1808 1433 1818 1449 ‚
1856 1411 1937 1455 quod
1963 1424 2051 1446 accu-

1286 1458 1488 1502 mulaverat,
1529 1461 1745 1494 mercatoribus
1779 1462 1932 1496 credidit.
1969 1464 2048 1495 Ger-

1286 1508 1389 1542 manis
1423 1508 1574 1550 fratribus
1606 1511 1675 1554 suis
1701 1511 1802 1546 edixit
1819 1538 1829 1554 ‚
1866 1521 1902 1544 ut
1928 1524 2047 1546 concor-

1283 1559 1370 1592 diam
1398 1559 1532 1594 invicem
1559 1561 1799 1606 conservarent,
1836 1575 1887 1595 nee
1913 1563 1982 1596 ulla
2008 1576 2046 1597 a-

1284 1609 1436 1644 nimorum
1455 1613 1647 1646 contentione
1670 1612 1929 1654 distraherentur.
1959 1616 2046 1648 Nam

1203 1660 1261 1709 jD,
1278 1661 1440 1707 postquam
1481 1663 1554 1696 illos
1599 1663 1632 1696 in
1667 1664 1806 1697 alienum
1842 1664 2045 1707 famulitium

1280 1712 1424 1757 congruis
1449 1714 1637 1747 mercedibus
1662 1714 1890 1756 collocaverat,
1931 1715 2045 1749 ordini

1274 1761 1332 1805 suo
1359 1762 1422 1807 ipse
1448 1763 1598 1806 inservire
1619 1763 1797 1805 statuerat.
1826 1767 1929 1811 Igitur
1956 1767 2043 1800 Fra-

1277 1822 1324 1846 ter
1354 1813 1507 1848 Morealis
1521 1837 1532 1853 ‚
1559 1824 1595 1847 ut
1621 1815 1744 1862 negotia
1778 1815 1835 1857 lua
1859 1826 2041 1862 perageret,

1276 1864 1340 1897 alio
1375 1863 1408 1907 se
1434 1864 1584 1899 contulit.
1621 1868 1728 1911 Quum
1765 1866 1913 1901 Nicolaus
1950 1870 2042 1902 Lau-

1277 1914 1374 1948 rentii
1410 1914 1536 1960 rescivit
1552 1939 1563 1955 ‚
1604 1918 1774 1951 Dominum
1809 1918 2042 1954 Arimbaidum

1276 1966 1312 1999 de
1358 1968 1535 2005 Narbona,
1576 1967 1683 2001 virum
1722 1979 1823 2003 aetate
1862 1970 2011 2013 juvenem
2030 1996 2042 2014 ,

1275 2015 1377 2050 literis
1415 2016 1578 2061 edoffflm,
1617 2018 1740 2060 Perufii
1776 2020 1960 2064 immorari,
1997 2022 2042 2055 ad

1273 2064 1342 2110 ejus
1369 2068 1539 2111 hospitium
1563 2072 1700 2115 perrexit
1717 2099 1726 2112 ,
1754 2084 1821 2106 cum
1848 2084 1880 2105 eo
1903 2072 2039 2119 pransu-

401 2116 474 2163 soje
502 2116 604 2151 storie
631 2117 672 2151 de
700 2117 790 2152 Tito
819 2117 950 2153 Livio.
981 2120 1070 2155 che
1099 2120 1167 2168 soje
1192 2122 1239 2156 'E
1273 2129 1326 2150 rus
1345 2144 1354 2153 .
1392 2120 1516 2154 Sumto
1563 2119 1644 2155 cibo
1681 2123 1835 2156 Nicolaus
1871 2121 2040 2157 Laurentii

400 2166 478 2201 cose
505 2166 547 2201 de
575 2167 607 2202 la
636 2168 783 2203 Bibbia.
815 2171 909 2216 Opre
938 2171 971 2204 13
1000 2169 1097 2206 fonte
1125 2172 1166 2206 de

398 2215 447 2251 fio
477 2217 614 2263 sapere.
646 2218 722 2253 Deh
750 2232 855 2254 corno
885 2221 969 2255 bene
998 2222 1163 2268 parlava!

397 2269 513 2304 Tutta
541 2268 595 2303 soa
626 2269 758 2305 virtute
778 2283 881 2315 opera
907 2284 950 2306 ne
979 2272 1015 2306 lo
1038 2272 1181 2309 rasci›o·‘

397 2330 501 2355 nare.
529 2320 557 2353 E
586 2321 615 2354 εὶ
642 2320 683 2355 de
712 2331 821 2368 ponto
849 2321 951 2366 dice,
980 2322 1043 2358 che
1071 2337 1163 2359 onne

370 2368 506 2404 ‘homo
534 2368 654 2404 abbafa
683 2370 738 2406 soa
767 2373 856 2408 bella
883 2373 1034 2409 diceria.
1064 2376 1161 2410 Leva

396 2420 438 2455 da
469 2420 561 2467 piedi
589 2433 680 2456 onne
717 2423 853 2471 hom03
890 2433 948 2458 teo
985 2424 1018 2458 la
1058 2438 1160 2460 mano

395 2484 415 2506 3
453 2472 486 2506 13
523 2480 627 2521 gota,
663 2483 684 2507 e
718 2472 847 2508 ascoita
887 2486 952 2508 con
996 2473 1159 2510 mentio.

395 2521 543 2559 Miffore
569 2522 782 2559 Arimbaldo
818 2524 1087 2573 maravigliaose
1118 2526 1160 2561 de

1061 2578 1097 2612 1ο

473 2632 544 2673 (58)
566 2631 730 2665 haveano.
754 2632 817 2665 Era
839 2633 936 2665 Frieri
958 2634 995 2666 de
1018 2634 1116 2667 Santo
1137 2632 1229 2675 Janni

1246 2161 1394 2213 lexerlus
1435 2170 1503 2214 suit
1541 2171 1710 2215 sermonem
1751 2175 1791 2208 de
1825 2178 2035 2207 Romanorum

1268 2221 1434 2265 potentia.
1462 2221 1617 2263 Historias
1655 2224 1728 2257 Titi
1761 2223 1858 2259 Livii
1891 2222 2035 2255 intermi-

1264 2271 1390 2314 scebat.
1418 2274 1548 2308 B1olica
1578 2274 1666 2321 gesta
1701 2276 1886 2309 enarrabat.
1924 2272 2032 2306 scim-

1267 2321 1333 2355 tiae
1365 2323 1440 2366 [uae
1469 2324 1575 2367 sontes
1600 2325 1779 2370 aperiebat.
1817 2323 1900 2358 Proh
1935 2335 2029 2369 quam

1267 2373 1341 2406 bene
1380 2373 1544 2419 differebat
1566 2375 1582 2408 !
1616 2379 1742 2408 Omnem
1777 2373 1954 2408 doc‘lrinam
1995 2373 2030 2407 in

1265 2424 1340 2456 bene
1365 2424 1517 2468 loquendo
1549 2426 1702 2467 ponebat.
1740 2427 1787 2459 Et
1822 2425 1866 2458 ad
1900 2436 1963 2458 rem
1989 2437 2027 2459 a-

1264 2473 1321 2507 deo
1349 2473 1439 2508 illam
1467 2474 1661 2519 adhibebat,
1689 2485 1725 2509 ut
1750 2476 1881 2523 quosque
1911 2475 2026 2519 facuit-

1262 2524 1322 2559 dia
1341 2523 1405 2569 sud
1431 2526 1642 2561 admiratione
1665 2528 1848 2574 compleret.
1874 2527 2026 2561 Audim-

1924 2587 1972 2613 us
2005 2588 2011 2603 ¹*
