2232 3089
459 213 538 241 ιιι
810 197 984 240 ANTJ

997 196 1182 256 QUJT.
1213 196 1422 240 MEDII
1453 197 1618 240 AEVI
1883 215 1965 246 212

398 256 529 293 Histor.
566 255 649 292 haec
685 255 850 292 adnotat:
881 258 1001 292 Habito
1034 256 1157 297 consilio
1189 259 1222 293 A
1269 257 1296 293 li
1317 257 1486 306 usurpaffe
1509 271 1635 293 nomen
1662 257 1863 304 proprium,
1888 259 2024 308 ligneae

392 307 582 356 pertraHari
618 318 754 355 oportet,
782 310 860 354 quid
893 309 932 342 de
958 308 1006 341 his
1035 307 1153 354 (scili-

397 369 453 394 cet
483 358 600 407 Regiis
631 358 768 407 pueris)
790 357 866 402 fieri
891 358 1027 392 debeat:
1053 369 1156 391 utrum

397 410 498 445 incisi
521 409 674 453 caesarie,
695 419 729 442 ut
756 410 876 455 reliqua
900 409 991 443 Plebs
1017 409 1153 442 habean-

397 471 467 495 tur.
495 459 616 507 ltaque
645 460 794 507 Regibus
819 458 996 506 exceptis,
1022 458 1156 505 reliqua

395 513 608 547 Francorum
650 524 732 559 gens
774 511 919 556 capillos
962 510 999 544 in
1036 513 1155 544 orbem

393 562 584 597 tondebat:
616 574 654 596 ac
687 560 830 607 proinde
869 563 1078 594 Francorum
1108 559 1149 595 ef·

397 611 517 660 figiem
546 611 567 646 si
597 611 632 646 in
662 611 754 645 hisce
784 610 937 645 Annulis
974 610 1154 658 quisquam

396 676 559 710 apparere
586 661 809 705 opinaretur,
839 675 907 696 non
950 675 1043 696 eum·
1066 662 1157 696 ratio

395 712 578 749 deficeret.
617 712 811 761 Bignonius
839 723 955 747 tamen
984 714 1020 748 in
1051 712 1157 748 Notis
1210 741 1216 744 .

395 764 437 800 ad
467 767 549 812 Leg.
571 765 673 799 salic.
695 764 811 799 Titui.
839 777 897 808 25.
918 776 1024 811 quum
1052 765 1153 798 Fran-

394 828 516 851 corum
555 814 721 862 quosdam
759 816 956 859 Capillatos,
988 814 1054 849 sive
1086 815 1154 848 Cri-

395 867 481 907 nosos
510 865 687 900 invenerit
725 867 939 913 appellatos,
967 865 1008 899 de
1039 865 1158 900 aueto—

395 917 502 952 ritate
532 915 708 964 Agathiae
735 916 894 951 dubitat.
933 916 995 950 Sed
1025 914 1062 951 &
1092 918 1153 950 Bo-

398 966 464 1002 sius
489 967 525 1002 in
554 969 664 1002 Roma
690 969 885 1002 Subterran.
911 966 993 1002 Lib.
1017 979 1049 1013 3.
1073 969 1158 1013 Cap.

399 1019 459 1055 ὀί.
502 1016 775 1065 antiquissimam
820 1018 1009 1064 imaginem
1057 1016 1160 1052 refert

398 1069 554 1104 Romani
582 1068 755 1116 cujusdam
797 1068 973 1112 proceris,
1002 1069 1038 1103 in
1067 1070 1156 1103 Coe-

397 1120 547 1155 meterio
588 1120 766 1154 Priscillae
804 1119 954 1167 pisiam.
994 1118 1026 1154 Is
1059 1117 1159 1154 flavis
1200 1164 1210 1168 ,⁷

398 1183 439 1205 ac
461 1169 565 1205 tonfis
588 1184 693 1218 paene
715 1171 754 1205 ad
780 1172 890 1206 cutim
915 1170 1054 1218 capillis
1077 1184 1156 1204 con·
1194 1169 1199 1182 ‘

398 1219 565 1268 spicitur.
594 1222 832 1266 Quamobrem
862 1222 955 1256 inter
981 1229 1037 1256 tot
1065 1230 1156 1255 tene—

399 1271 476 1306 bras
513 1285 578 1320 ego
619 1272 800 1307 continere
843 1271 1014 1319 judicium
1056 1284 1161 1306 amo.

398 1321 441 1358 Id
470 1322 560 1358 mihi
588 1322 835 1358 tantummodo
872 1331 1027 1361 certum,
1056 1322 1158 1356 mini-

398 1384 457 1408 me
498 1374 538 1407 ad
584 1375 760 1407 Romanos
801 1372 952 1418 speeiare
992 1371 1162 1419 ejusmodi

399 1424 587 1462 Annulos,
609 1422 664 1458 sed
692 1422 832 1471 quidem
859 1423 900 1458 ad
921 1423 1082 1459 homines
1106 1425 1158 1459 Se-

401 1473 654 1521 ptentrionalis
695 1474 881 1517 nationis,
919 1472 955 1509 δὲ
997 1487 1056 1509 eos
1097 1473 1164 1509 fine

401 1523 629 1560 haesitatione
653 1524 801 1559 Nobiles
827 1523 926 1558 fuisse
950 1523 1163 1568 illustresque

402 1576 516 1610 viros.
535 1577 662 1609 Eorum
687 1574 816 1621 quippe
837 1573 1061 1608 nobilitatem
1085 1586 1161 1619 pro-

401 1625 456 1662 dit
483 1625 556 1673 ipsa
581 1626 804 1660 Annulorum
833 1624 993 1659 materies
1019 1636 1162 1666 aurum,

401 1677 436 1711 &
466 1675 635 1723 Imaginis
664 1675 764 1717 usus,
792 1676 825 1710 S<
859 1674 1057 1723 praesertim
1086 1676 1161 1709 Au-

400 1726 491 1763 fredi
533 1726 653 1762 tunica
691 1726 807 1761 Cla-vis
853 1724 1059 1773 purpureis,
1096 1725 1164 1760 five

403 1778 515 1813 aureis
540 1776 738 1822 conspersa.
762 1778 870 1811 Porro
890 1777 990 1810 Clavi
1014 1789 1083 1811 non
1110 1775 1162 1810 vi-

401 1835 496 1863 treae
539 1828 654 1862 bullae
692 1826 857 1863 fuerunt,
895 1836 932 1861 ut
973 1826 1164 1862 Gutherius

402 1878 592 1913 arbitratus
629 1876 673 1912 est
711 1877 793 1913 Lib.
832 1888 865 1924 3.
903 1879 989 1923 Cap.
1031 1889 1086 1924 17.
1124 1877 1165 1912 de

403 1928 508 1964 Offic.
548 1930 652 1963 Dom.
689 1926 831 1975 August.
869 1926 922 1963 sed
961 1938 1164 1963 ornamenta

403 1993 447 2015 ex
477 1980 624 2027 purpura
652 1988 711 2014 aut
735 1992 818 2013 auro
839 1978 879 2012 ad
908 1977 1010 2013 instar
1038 1978 1162 2014 florum

403 2030 472 2065 five
498 2031 723 2078 globulorum
751 2029 900 2064 vestibus
928 2028 1061 2064 insuta.

455 2082 501 2116 Et
529 2081 569 2115 ad
601 2081 794 2128 Imaginem
822 2080 916 2127 quod
944 2080 1094 2119 attinet,
1121 2094 1164 2115 ne

404 2131 492 2179 apud
520 2131 657 2166 Gothos
688 2131 856 2178 quidem,
892 2132 1163 2177 Langobardos,

403 2184 437 2218 8<
476 2184 625 2217 Francos
663 2180 796 2215 licuisse
834 2189 919 2228 puto
955 2182 1164 2229 cuicumque

404 2234 590 2269 Annulum
619 2231 801 2267 adhibere,
828 2230 884 2265 cui
913 2230 1085 2279 insculpta
1111 2232 1164 2268 fo-

405 2294 458 2320 ret
485 2284 601 2318 vultus
628 2281 677 2317 sui
706 2281 859 2329 effigies.
889 2282 954 2316 Uti
978 2282 1065 2330 apud
1094 2285 1162 2318 Ro-

406 2347 553 2372 manos,
584 2333 634 2368 ita
662 2332 750 2377 apud
779 2333 883 2375 illos,
914 2332 997 2367 haee
1026 2347 1164 2381 praero-

405 2386 524 2434 gativa
553 2384 620 2419 fuit
650 2382 858 2419 Nobilium.
897 2383 1066 2430 Reliquus
1098 2387 1164 2418 Po—

405 2438 506 2485 pulus
535 2445 592 2470 aut
621 2436 745 2476 nullo,
774 2442 833 2468 aut
861 2434 932 2467 alio
961 2447 1083 2475 ,qenere
1111 2435 1159 2470 Si-

407 2488 574 2535 gillorum
613 2487 797 2521 utebatur.
833 2486 879 2519 Et
917 2483 994 2519 sane
1033 2483 1162 2528 video,

409 2540 587 2574 Romanos
613 2535 731 2574 infimi
757 2535 912 2573 subsellii
947 2538 1028 2571 loco
1055 2534 1163 2589 Sigil-

1269 306 1337 344 five
1363 323 1477 345 aereae
1503 310 1641 345 tabulae
1666 308 1892 356 inscriptum.
1916 314 2026 346 Stam-

1266 360 1368 405 piglte
1397 373 1459 395 nos
1496 374 1586 396 nunc
1622 360 1837 408 appellamus
1855 388 1864 402 ,
1894 373 2025 399 nomen

1269 411 1309 444 ab
1338 410 1504 457 Hispanis
1540 411 1709 447 mutuati.
1748 411 1911 446 Annulos
1938 413 2025 449 duo:

1268 474 1389 495 aeneos
1404 475 1481 496 cum
1500 462 1676 499 inscriptis
1693 462 1895 497 nominibus
1908 464 2026 499 “PCR-s

1268 513 1454 547 TVNIVS
1483 514 1516 546 ὃς
1547 515 1748 548 VITALlS
1789 512 1919 559 profert
1947 525 2029 555 eruf,

1266 561 1453 597 ditxffimus
1481 564 1664 598 Boldertus
1690 562 1770 600 Lib.
1795 576 1828 598 2..
1853 565 1940 609 Cap.
1966 575 2023 610 14.

1267 612 1307 645 de
1335 614 1532 648 coemeter.
1563 616 1760 659 Martyrum
1779 640 1788 649 .
1825 615 2025 650 Nonnulias

1266 663 1298 696 8(
1325 676 1389 711 ego
1417 664 1583 707 tabellas,
1607 664 1744 698 Annuli
1771 664 1811 697 ad
1839 664 1942 699 instar
1966 665 2026 700 ad-

1268 713 1416 749 hibitas,
1445 713 1503 748 sub
1528 715 1642 749 oculis
1667 713 1794 752 habui,
1819 711 1964 761 quarum
1990 727 2027 750 e-

1265 763 1351 797 tiam
1380 763 1528 811 eE’typon
1555 764 1591 798 in
1621 764 1847 799 Eruditorum
1874 765 2025 813 gratiam

1208 850 1220 856 ,
1265 814 1450 862 adjungere
1480 815 1555 849 heic
1585 813 1706 850 statui.
1740 816 1877 861 Duplex
1907 828 2025 852 earum

1265 878 1370 911 genus
1392 864 1486 900 fuit.v
1505 866 1684 901 Nimirum
1701 865 1863 912 quasdam
1885 867 1925 901 ad
1949 866 2027 901 sub-

1268 915 1482 951 scribendum
1516 926 1646 952 veteres
1684 917 1918 960 adhibebant,
1956 916 2025 954 five

1266 967 1358 1013 quod
1387 966 1617 1010 analphabeti-
1638 968 1771 1010 efferat,
1808 980 1845 1002 ac
1875 967 2027 1002 scriben-

1266 1019 1300 1053 di
1331 1018 1509 1065 imperiti,
1539 1018 1606 1054 sive
1634 1028 1671 1054 ut
1700 1018 1812 1053 stabjli
1840 1018 2026 1055 literarum

1268 1068 1375 1109 flaura
1413 1069 1662 1104 subscriberent
1690 1068 1858 1105 Chartis.
1898 1071 1935 1103 In
1974 1069 2026 1104 la-

1268 1119 1362 1153 mina
1391 1122 1759 1167 aenearprominemes
1787 1121 1933 1163 literae,
1972 1119 2027 1156 su-

1269 1168 1473 1214 perindufi‘to
1514 1181 1736 1214 atramento,
1774 1171 2028 1216 imprimebant

1268 1231 1416 1254 nornen.
1456 1219 1563 1266 quue
1600 1223 1705 1256 etiam
1736 1222 1942 1267 quandoque
1975 1220 2028 1256 fa-

1267 1268 1362 1304 &um
1392 1282 1410 1304 a
1439 1269 1661 1317 Principibus
1691 1270 1799 1305 viris.
1836 1271 2027 1317 Procopius

1267 1320 1303 1355 in
1332 1320 1508 1355 Anecdotis
1544 1321 1584 1355 de
1619 1320 1751 1364 justino
1781 1320 1936 1368 Augusto
1973 1321 2029 1356 lo·-

1268 1384 1401 1418 quens‚
1439 1371 1521 1406 haec
1559 1370 1686 1407 habet:
1728 1372 1867 1416 Ligneae
1893 1369 2030 1406 tabellae

1267 1422 1437 1468 perpolitae
1453 1423 1585 1465 formam
1601 1433 1732 1466 quatuor
1747 1423 1911 1455 literarum
1919 1445 1929 1461 ‚
1951 1433 2032 1467 quae

1268 1473 1332 1516 legi
1361 1472 1475 1504 Latine
1501 1469 1640 1517 pulsent,
1671 1470 1870 1505 incidendam
1897 1481 2029 1516 curant,

1267 1523 1361 1565 edque
1397 1520 1502 1553 libello
1539 1521 1707 1567 impositi,
1747 1523 1900 1556 calamum
1936 1522 2030 1557 colore

1269 1571 1419 1604 imbutum
1438 1598 1446 1613 ‚
1474 1584 1533 1616 quo
1566 1573 1695 1614 scrihere
1724 1587 1785 1607 mos
1821 1572 1861 1613 eft
1891 1575 2030 1619 Impera-

1200 1618 1228 1649 ἱ)
1267 1622 1405 1662 toribus,
1433 1622 1504 1656 huic
1529 1623 1674 1666 Principi
1701 1621 1870 1657 tradebant
1897 1623 1931 1656 in
1959 1636 2029 1657 ma-

1269 1685 1366 1707 num.
1406 1673 1519 1707 Immo
1553 1672 1631 1708 heic
1660 1674 1888 1721 suspicionem
1917 1685 2028 1720 quan-

1268 1722 1345 1756 dam
1375 1736 1486 1758 meam
1517 1724 1648 1769 aperire
1678 1738 1747 1759 non
1777 1737 1915 1760 vereor.
1953 1722 2028 1758 Sci-

1269 1774 1353 1808 licet
1390 1774 1483 1808 inter
1512 1773 1821 1824 Monogrammata
1853 1774 2028 1823 Augusto·

1269 1837 1343 1859 rum
1373 1825 1404 1858 δ(
1437 1827 1594 1869 Regum,
1623 1840 1709 1873 quae
1737 1827 1773 1861 in
1811 1824 2028 1873 Diplomatis

1269 1888 1286 1909 a
1316 1885 1472 1922 tempore
1496 1874 1620 1911 Caroli
1650 1877 1773 1925 Magni
1805 1890 1863 1921 per
1890 1873 2029 1922 aliquot

1270 1927 1389 1961 Secula
1420 1926 1580 1962 visuntur
1606 1928 1771 1975 (alioqui
1803 1928 1907 1974 longe
1935 1925 2030 1961 anti-

1269 1976 1372 2023 quior
1400 1976 1443 2010 est
1466 1979 1812 2025 Monogrammarum
1842 1978 1964 2023 usus).
1993 1989 2030 2012 e-

1270 2038 1416 2073 rantque
1442 2028 1529 2062 olim
1558 2029 1607 2063 eis
1635 2030 1715 2064 loco
1744 2026 2028 2075 subscriptionis,

1215 2086 1224 2094 ⁴
1270 2091 1375 2124 quum
1399 2091 1515 2113 revera
1537 2077 1680 2114 illorum
1702 2093 1829 2114 nomen
1853 2080 1911 2113 sub
1931 2090 2029 2112 com·-

1271 2128 1397 2174 pendio
1426 2129 1652 2171 contineant,
1680 2132 1788 2164 multa
1815 2127 1949 2172 inspexi
1975 2140 2029 2162 re-

1271 2193 1349 2213 vera
1371 2180 1527 2216 calamo,
1554 2179 1617 2213 hoc
1643 2178 1685 2213 est
1713 2192 1814 2213 manu
1838 2178 2027 2214 eorundem

1272 2228 1474 2271 Principum
1504 2237 1661 2263 exarata:
1693 2228 1744 2263 sed
1776 2229 1944 2263 nonnulla
1972 2228 2029 2263 in-

1270 2278 1405 2314 terdum
1453 2289 1677 2314 occurrerunt
1723 2279 1810 2313 mihi
1853 2279 2028 2315 delineata

1271 2328 1527 2364 charaffleribus
1564 2330 1660 2364 tanta
1697 2330 1869 2377 elegantia
1905 2342 1944 2365 ac
1981 2328 2028 2364 li—

1271 2392 1409 2416 nearum
1439 2379 1542 2414 ἀυξὶυ
1572 2381 1656 2415 adeo
1693 2381 1844 2415 delicato
1881 2393 1919 2415 ac
1949 2379 2028 2416 uni-

1271 2430 1375 2466 formi
1403 2429 1593 2478 impressis,
1619 2440 1658 2466 ut
1685 2430 1773 2466 fagia
1802 2430 1889 2466 mihi
1919 2429 2028 2474 suspi-

1271 2481 1329 2516 cio
1361 2481 1487 2523 fuerit,
1524 2495 1594 2517 non
1632 2483 1788 2523 calamo,
1826 2481 1879 2516 sed
1914 2479 2027 2517 stabili

1240 2567 1243 2574 ,
1272 2532 1390 2582 aliqua
1425 2533 1552 2569 tabella
1588 2531 1685 2572 fuisse
1716 2532 2028 2583 Monogrammata

1909 2582 1975 2620 illa
