2232 3089
463 213 484 242 2

400 211 574 306 praefisus
603 253 697 290 sum.
734 254 785 290 Ea
822 256 906 289 verb
937 252 1162 300 antiquiora,
1194 250 1231 287 A

398 308 505 354 quim
527 306 670 353 quidam
694 305 910 344 censuerint,
933 303 1031 338 dixi.
1059 305 1162 339 Nunc
1187 306 1189 311 ’

400 359 442 393 ad
480 359 622 393 eandem
662 357 845 393 veritatem
887 353 1161 390 confirmandam

400 409 573 456 adponere
613 409 708 453 juvar
745 407 857 443 varias
893 406 1046 454 iplorum
1079 406 1161 440 Bul-

400 459 474 503 las,
503 472 543 494 ex
575 459 788 495 Muselliano
817 456 1003 493 Veronenfi
1037 455 1162 492 Museo

401 510 621 558 depromtas.

456 560 572 596 Prima
602 559 730 601 socan
762 558 802 594 ad
832 560 970 593 Paulum
999 559 1026 593 1.
1053 559 1162 593 Anno

400 611 532 646 Christi
559 623 644 657 757.
673 613 833 646 Romano
859 608 1074 645 Pontificatu
1099 609 1158 643 do-

401 674 544 696 natum.
577 663 613 695 In
643 661 758 696 antica
790 659 948 695 visuntur
974 659 1089 705 capita
1111 661 1160 693 A·
1188 699 1189 702 Ἴ

401 711 613 759 postolorum
639 713 730 746 Petri
759 709 795 746 ἃ
825 711 943 746 Pauli.
970 709 1011 745 In
1037 709 1160 757 postica

401 772 533 820 legitur
548 765 801 805 ΠΑΤΛΟΥ,
819 769 902 804 idest
919 770 1015 804 Pauli
1032 770 1142 814 Papae
1154 795 1162 803 .

456 822 609 857 Secunda
627 820 670 855 est
690 822 847 855 SERGH
868 822 1050 855 PAPAE.
1067 821 1162 855 Num
1205 845 1214 851 Ι

403 873 544 908 Primus
572 871 673 916 hujus
711 871 867 906 nominis
898 870 1028 905 electus
1056 872 1164 905 Anno

402 922 533 958 Christi
563 924 647 968 687.
677 934 718 955 an
757 921 952 963 Secundus,
981 920 1042 967 qui
1073 922 1163 954 Pon-

401 973 578 1009 tificatum
617 972 700 1007 iniit
739 974 848 1006 Anno
886 973 969 1017 844.
997 983 1038 1005 an
1074 972 1163 1005 Ter-

401 1026 473 1059 tius
502 1023 537 1058 in
569 1022 805 1070 Apostolicam
839 1023 960 1056 sedem
998 1021 1163 1069 ingressus

401 1077 511 1111 Anno
538 1086 622 1120 904.
645 1073 721 1108 heic
743 1071 959 1121 designetur,
985 1080 1088 1106 nemo
1114 1070 1164 1106 fa·
1188 1094 1191 1128 1

402 1125 471 1160 cile
493 1126 674 1160 decernat.
694 1124 853 1158 Alteram
878 1123 981 1169 Sergii
1001 1123 1164 1165 Bullam,

402 1188 548 1223 eamque
576 1173 746 1210 diversam
764 1201 773 1217 ,
798 1173 887 1208 infra
912 1175 1024 1216 dabo,
1050 1174 1100 1207 ira
1126 1183 1164 1207 ut

402 1225 622 1273 conje&urae
660 1227 758 1260 locus
797 1224 858 1266 sit,
891 1223 978 1258 hanc
1016 1222 1166 1271 spectare

402 1276 444 1312 ad
477 1278 654 1320 Primum,
684 1286 744 1311 aut
771 1276 812 1310 ad
841 1275 1056 1310 Secundum.
1189 1264 1192 1339 t

452 1328 578 1363 Tertia
599 1327 643 1361 est
658 1327 956 1361 ZACHARIAE
980 1326 1166 1368 PAPAE,

399 1378 463 1424 qui
491 1380 598 1412 Anno
623 1376 754 1412 Christi
782 1387 868 1422 741.
894 1375 937 1410 ad
968 1377 1166 1410 Romanum
1190 1390 1192 1397 >

402 1427 657 1464 Pontificatum
688 1426 829 1462 evefiius
858 1426 947 1462 fuit.

450 1481 586 1525 Quarta
611 1480 789 1514 LEONIS
814 1479 873 1513 PA
884 1478 998 1512 PAE.
1020 1478 1067 1511 Et
1087 1475 1185 1511 heic'

398 1529 573 1565 incertum
596 1530 639 1564 est
653 1557 662 1572 ,
681 1542 763 1564 num
786 1527 931 1563 Tertius
951 1530 1057 1560 Anno
1078 1537 1165 1572 795.
1188 1563 1191 1570 ,

400 1580 553 1620 electus,
580 1593 622 1616 an
650 1582 829 1625 Quartus,
856 1591 898 1613 an
926 1577 1016 1612 alius
1040 1589 1058 1611 e
1084 1578 1165 1611 Suc·
1188 1571 1191 1593 ‘

400 1631 588 1666 cefforibus
616 1631 767 1679 ejusdem
789 1628 945 1664 nominis
970 1626 1165 1661 indicetur.
1189 1655 1191 1668 ς

401 1682 487 1716 Veri
526 1691 644 1716 tamen
682 1680 793 1715 firnile
823 1679 888 1722 est,
920 1678 962 1714 ad
999 1677 1164 1713 Tertium

398 1725 488 1767 hanc
516 1732 656 1766 Bullam
688 1730 860 1779 spectare⁴

447 1782 606 1828 Quinssa
624 1782 864 1816 GREGORII
882 1781 1044 1814 PAPAE
1060 1806 1067 1813 .
1086 1777 1164 1814 Fie-

396 1832 427 1868 ri
469 1831 599 1880 potest,
637 1841 675 1865 ut
713 1831 796 1864 haec
832 1828 1008 1864 referenda
1047 1829 1086 1863 fit
1123 1829 1163 1864 ad

396 1886 573 1928 Quartum
600 1883 707 1916 Anno
727 1878 860 1916 Christi
889 1882 972 1926 827.
992 1879 1164 1915 electum.

398 1937 571 1969 Attamen
594 1930 614 1965 fi
637 1931 698 1979 qui
724 1931 763 1966 ad
787 1929 986 1978 posteriores
1013 1929 1163 1977 ejusdem

397 1984 552 2019 nominis
593 1980 807 2024 Pontifices,
835 1979 992 2029 inspecta
1029 1979 1164 2028 potiffi—

398 2046 493 2069 mum
517 2033 753 2069 charaEterum
776 2030 908 2071 forma,
929 2030 1054 2066 referre
1075 2030 1163 2067 hanc

397 2086 524 2124 malit,
554 2085 701 2119 minime
729 2081 908 2118 obsistam.

448 2137 551 2171 Sexta
580 2135 718 2170 SERGI
757 2134 942 2176 PAPAE,
971 2145 1078 2179 quum
1107 2132 1162 2168 di-

397 2186 493 2219 versa
531 2199 549 2219 a
578 2183 796 2233 praecedenti
828 2182 889 2223 fit,
918 2182 1069 2231 spectare
1100 2195 1162 2230 po-

398 2235 458 2270 test
496 2245 554 2270 aut
583 2236 623 2269 ad
652 2235 870 2278 Secundum,
899 2243 959 2270 aut
996 2234 1038 2270 ad
1072 2235 1161 2269 Ter—

397 2297 486 2321 tlum
501 2312 509 2320 .

448 2336 605 2384 Septima
633 2336 812 2370 LEONIS
842 2336 1004 2370 PAPAE
1039 2347 1158 2381 parum

398 2400 416 2422 a
453 2387 687 2434 praecedentis
727 2386 857 2421 Leonis
896 2386 998 2419 Bulla
1036 2384 1159 2428 distat,

397 2437 446 2473 ita
478 2447 514 2472 ut
543 2437 601 2473 vix
629 2436 761 2472 diversa
791 2435 972 2469 videatur.
1001 2434 1035 2468 si
1063 2433 1157 2468 diffi—

398 2490 518 2524 miiem
541 2487 686 2530 statuas,
703 2485 850 2521 fortaffis
873 2485 1044 2520 indicabit
1067 2487 1158 2519 Leo-

397 2552 477 2575 nem
503 2541 567 2576 lv.
588 2541 697 2575 Anno
722 2537 852 2574 Christi
880 2539 963 2583 847.
986 2534 1158 2571 eleaum.

1197 1610 1232 1644 D

1187 2062 1188 2076 ³
1201 2062 1230 2096 E

813 187 1191 249 ANTIQUJT.
1222 186 1436 232 MEDII
1463 186 1622 231 ARV!

1884 205 1906 234 2
1943 196 1970 234 6

1320 248 1455 286 Οξὶινε
1475 247 1729 285 STEPHANI
1744 206 2027 285 PAPAl-Lioif-

1236 304 1241 343 ἱ
1270 300 1364 338 ficile
1400 301 1583 344 decernas,
1611 300 1652 335 ad
1689 312 1874 346 quemnam
1905 313 1924 336 e
1951 303 2027 336 Ste-

1271 352 1390 402 phanis
1422 351 1587 389 Romanis
1614 350 1848 387 Pontificibus
1875 349 1914 386 fit
1939 352 2029 388 refe-

1267 404 1391 441 tenda.
1421 404 1564 440 Saeculo
1591 402 1720 439 Christi
1753 403 1858 437 Nono
1896 403 2026 438 Roma-

1269 468 1347 491 nam
1395 455 1606 491 Cathedram
1657 463 1796 489 tenuere
1842 454 1998 498 Quartus
2016 477 2027 492 ‚

1268 505 1465 552 Quinstus‚
1494 503 1532 541 ἃ
1567 506 1710 540 Sextus:
1741 504 1892 539 Decimo
1914 503 2029 551 Septi-

1269 569 1367 598 mus,
1394 557 1425 591 8<
1455 555 1631 591 oetavus.
1661 557 1758 590 Unus
1785 568 1828 590 ex
1865 553 1920 589 his
1948 553 2027 589 heic

1268 605 1480 655 defignatur.

1322 659 1425 692 Nona
1462 657 1653 691 MARth
1690 656 1853 691 PAPAE
1884 655 1959 691 veri
1986 654 2028 690 fi-

1268 707 1405 742 militer
1445 707 1485 742 ad
1531 707 1685 742 Primum
1729 705 1831 753 hujus
1872 704 2028 741 nominis

1268 757 1421 805 spectat,
1457 756 1607 792 eleRum
1648 759 1755 791 Anno
1792 759 1874 792 882.
1902 756 1937 791 Si
1975 765 2030 791 ta-

1268 821 1347 843 men
1377 806 1476 842 illam
1503 806 1648 842 Marino
1677 807 1832 842 Secundo
1858 805 2029 841 adscribe-

1267 871 1302 893 re
1341 857 1468 900 malis,
1495 859 1604 892 Anno
1641 870 1725 904 943.
1757 860 1797 892 ad
1837 855 2030 892 Pontifica-

1266 917 1342 944 tum
1371 907 1590 949 adsumtum,
1620 921 1678 955 per
1706 920 1760 942 me
1788 907 1893 943 licet.

1319 959 1486 997 Decima,
1520 958 1741 996 Undecima,
1772 971 1810 992 ac
1852 956 2030 993 Duodeci-

1267 1022 1324 1045 ιιι
1375 1011 1622 1045 lOHANNis
1673 1009 1859 1051 PAPAE,
1906 1017 2029 1056 utpote

1267 1073 1356 1107 quae
1392 1059 1562 1095 diversam
1604 1058 1955 1107 Monogrammatum
1993 1060 2029 1093 &

1268 1109 1506 1146 characterum
1532 1108 1681 1145 formam
1708 1119 1855 1158 gerunt,
1880 1118 1949 1144 tres
1976 1109 2032 1145 di-

1195 1158 1231 1195 C
1268 1160 1383 1196 versos
1424 1163 1599 1195 Romanos
1642 1159 1831 1196 Pontifices
1873 1158 2030 1208 fignant,

1238 1225 1240 1251 ι
1267 1220 1350 1258 puta
1369 1211 1552 1255 Jobannem
1589 1214 1664 1245 XII.
1695 1214 1802 1246 Anno
1838 1221 1926 1257 955.
1960 1210 2031 1245 ele-

1238 1254 1240 1281 *
1265 1261 1385 1301 Ε’ωπι,
1411 1261 1593 1306 johannem
1622 1263 1715 1295 XIII.
1744 1263 1852 1296 Anno
1882 1262 1967 1306 963.
1996 1261 2032 1295 δε

1234 1292 1440 1357 J'Johannem
1478 1313 1549 1346 XV.
1578 1313 1685 1347 Anno
1722 1312 1808 1358 985.
1847 1310 1954 1346 Nihil
1979 1318 2034 1346 ta-

1267 1376 1347 1399 men
1376 1361 1463 1398 certi
1491 1361 1529 1397 in
1557 1361 1611 1398 his
1637 1361 1783 1397 statuere
1811 1359 1937 1397 ausim.

1320 1413 1468 1449 Decima
1495 1412 1620 1452 tertia,
1644 1412 1682 1447 in
1707 1425 1775 1458 qua
1798 1411 1929 1458 legitur
1955 1412 2034 1446 ΒΕ-

1268 1464 1522 1500 NEDICTVS
1561 1462 1744 1500 PAPAE,
1774 1460 1925 1496 mirandi
1963 1460 2032 1497 tibi

1267 1513 1414 1548 caussam
1445 1511 1644 1558 praebebit,
1671 1511 1923 1548 Soloecismum
1953 1510 2031 1547 heic

1265 1563 1480 1599 offendenti.
1519 1563 1583 1598 Sed
1620 1562 1887 1598 condonandum
1924 1561 2031 1598 insci-

1267 1613 1338 1649 tiae
1368 1613 1536 1660 temporis
1564 1613 1683 1650 illius.
1713 1614 1830 1649 Etiam
1862 1613 1959 1658 supra
1989 1611 2032 1647 ad

1268 1665 1407 1701 Bullam
1439 1666 1480 1699 X.
1508 1663 1797 1700 animadverteris
1833 1663 1869 1699 in
1901 1664 2032 1697 Mono-

1267 1725 1461 1764 grammate
1495 1716 1565 1764 legi
1595 1715 1817 1751 IOANNES
1847 1714 2030 1749 PAPAE.

1268 1768 1400 1802 Verum
1440 1765 1542 1801 fit-ne
1571 1765 1653 1800 haec
1689 1764 1865 1801 referenda
1896 1764 1936 1799 ad
1968 1767 2033 1798 Be-

1268 1816 1428 1851 nedic‘lum
1466 1819 1519 1851 VI.
1557 1817 1665 1852 Anno
1701 1815 1832 1851 Christi
1876 1825 1961 1862 972.
1993 1814 2031 1849 in

1269 1866 1365 1903 Petri
1407 1866 1619 1903 cathedram
1661 1865 1872 1905 ἰηνοᾶυιῐι,
1909 1878 1951 1899 an
1988 1865 2030 1900 ad

1268 1920 1463 1967 Septimum
1489 1920 1596 1952 Anno
1616 1926 1701 1964 975.
1723 1929 1765 1952 an
1791 1917 1832 1951 ad
1853 1914 2029 1951 Ossavum

1269 1971 1379 2005 Anno
1412 1980 1517 2004 1012.
1545 1967 1720 2011 eleaum,
1747 1965 1905 2015 quisnam
1934 1975 2028 2002 certo

1269 2019 1452 2055 decernere
1480 2016 1607 2066 queat?

1322 2070 1469 2105 Decima
1493 2077 1617 2116 quarta
1647 2069 1921 2105 PASCHALIS
1947 2067 2029 2101 PA-

1271 2123 1387 2159 PAE,
1411 2119 1527 2161 potius
1548 2120 1652 2165 quam
1679 2119 1719 2152 ad
1749 2118 1928 2159 Primum,
1950 2118 2028 2150 An-

1269 2185 1316 2207 no
1342 2169 1472 2205 Christi
1503 2171 1586 2214 817.
1613 2168 1651 2202 in
1679 2167 1904 2215 Apostolicae
1931 2165 2028 2201 Sedis

1270 2218 1511 2256 succeffionem
1542 2225 1706 2253 vocatum
1725 2243 1736 2261 ,
1764 2215 1937 2265 pertinere
1964 2228 2028 2262 pu-

1268 2281 1306 2307 to
1322 2271 1362 2304 ad
1384 2269 1562 2312 Pascbalem
1580 2270 1754 2302 secundum
1766 2294 1776 2311 ‚
1793 2269 1901 2302 Anno
1920 2277 2026 2314 1099.

1269 2323 1506 2357 Rornanorum
1530 2317 1739 2353 Pontificem
1760 2317 2000 2354 renuntiatum
2016 2343 2026 2352 .

1320 2370 1464 2406 Decima
1490 2367 1634 2416 quincta
1662 2367 1809 2415 praefert
1835 2368 1948 2417 capita
1974 2369 2027 2402 A-

1266 2420 1475 2469 postolorum
1504 2432 1581 2455 cum
1608 2418 1721 2455 literis
1743 2421 1775 2455 S.
1800 2421 1874 2455 PA.
1896 2421 1928 2454 S.
1958 2419 2026 2454 PE.

1267 2472 1306 2507 ln
1340 2473 1448 2507 altera
1478 2470 1565 2506 facie
1598 2472 1866 2506 HONORIVS.
1896 2470 1951 2505 PP
1979 2469 2024 2503 11.

1264 2523 1328 2571 qui
1343 2524 1452 2559 Anno
1472 2533 1486 2558 1
1498 2532 1579 2568 124.
1598 2522 1694 2558 Petri
1709 2519 1922 2559 cathedram
1940 2530 2024 2553 con-

1877 2577 1973 2614 scen-
