2232 3089
459 176 538 216 107
808 157 1622 219 ANTIQUJT.MED11AEVI
1890 168 1969 210 108

394 233 515 257 mamus
536 219 582 258 (θ’
600 220 824 255 corroboramus
840 221 868 255 ei
884 222 997 267 praedi
1001 222 1066 256 las
1079 222 1160 255 duas
1197 220 1229 254 A
1270 219 1392 259 nandi,
1418 230 1474 266 pro
1508 220 1618 255 anima
1641 219 1830 268 iudicandi,
1857 226 1912 258 vel
1938 226 2032 272 qui-d

393 274 501 305 Cortes
541 284 607 305 cum
649 272 777 306 illarum
819 273 1055 330 integritatibus
1096 285 1159 307 una
1210 280 1211 283 ’

394 335 461 356 eum
488 321 587 365 calis,
616 332 675 356 terr
663 324 728 364 ris,
755 323 883 365 vineis,
919 323 1057 368 campis,
1083 334 1158 369 pra-

394 372 458 412 tis,
481 372 623 419 pascuis,
646 372 767 417 silvis,
789 372 936 417 suliflis,
957 372 1158 417 sationibus,

397 424 487 466 aquis
501 450 510 466 ‚
531 437 741 470 aquarumque
764 422 960 466 decursibus,
981 423 1158 467 montibus,

395 475 560 517 vallibus,
587 475 734 518 alpibus,
761 473 976 517 planiciebus,
1004 486 1069 507 cum
1096 473 1156 515 ser-

396 525 450 558 vis
471 527 513 558 (9⁶
533 526 661 564 ancillis
688 525 845 570 utriusque
864 523 954 567 sexus
968 551 977 565 ,
1003 537 1069 558 cum
1088 527 1156 559 At-

396 576 543 609 dionibus
570 577 612 608 (9‘
636 576 818 617 «fidicinis,
842 587 920 621 quae
943 574 1008 608 dici
1027 575 1080 608 vel
1104 588 1153 608 no-

397 626 515 661 minari
536 624 680 670 poffunt
700 628 743 662 acl
768 626 848 670 ipsas
873 627 953 659 duas
977 630 1082 660 Cortes
1106 625 1155 668 ju—

390 675 440 719 ste
477 678 519 709 (9⁴
555 677 700 723 legaliter
739 676 970 724 respicientibus
1009 675 1042 709 in
1079 677 1157 710 inte
1185 671 1229 718 ἘΒ

394 739 513 773 grum:
554 737 590 761 ut
631 728 764 768 habeat,
804 737 929 764 teneat,
964 722 1192 872 firmiterquell

395 777 570 823 poffideat,
597 777 770 822 habeatque
803 787 842 820 pe
830 777 983 818 otesiatem
1014 777 1163 820 tenendi,

398 828 580 872 vendendi,
615 828 779 872 donandi,
815 827 1045 868 commutandi,
1083 827 1163 863 alie-

1269 270 1346 316 quid
1382 270 1452 316 ejus
1491 272 1662 306 decreverit
1701 274 1827 308 animus
1861 275 2031 320 faciendi,

1269 323 1405 356 omnium
1439 322 1598 357 hominum
1633 323 1752 368 injusta
1787 327 2031 362 contradictione

1269 382 1404 408 remota.
1425 374 1463 407 51·
1484 374 1554 421 quis
1574 374 1674 421 igitur
1697 375 1793 420 hujus
1818 375 1913 418 nostri
1932 380 2032 413 Prae-

1269 423 1348 470 cepti
1374 425 1512 459 violator
1538 426 1698 465 extiterit,
1721 426 1805 471 sciat
1828 426 1863 471 se
1889 429 2033 471 composi-

1267 484 1371 508 turum
1399 475 1472 509 auri
1507 477 1617 520 optimi
1646 477 1763 511 Libras
1797 478 2030 526 quinquaginta

1268 526 1464 559 medietatem
1491 530 1648 562 Kamerae
1675 528 1813 572 nostrae,
1843 531 1886 564 (9⁴
1916 529 2032 564 medie-

1240 589 1242 605 r
1268 584 1364 608 tatem
1389 576 1570 624 ρναειίἰίῗασ
1599 582 1719 613 ..Annae
1747 579 1821 612 olim
1848 581 2032 626 Imperatri-

1237 611 1317 672 Ιεί,
1349 625 1474 672 suisque
1512 626 1695 663 heredibus.
1732 632 1830 674 ¹Quod
1854 640 1889 663 ut
1923 631 2030 664 verius

1268 676 1431 717 credatur,
1463 677 1708 723 diligentiusque
1743 680 1784 714 ab
1819 678 1962 714 omnibus
1999 681 2033 715 in

1265 736 1446 772 perpetuum
1481 726 1680 770 opservetur‚
1714 729 1863 764 manibus
1895 730 2032 776 propriis

1269 779 1470 816 roborantes,
1497 779 1535 811 de
1570 779 1666 814 anulo
1693 780 1790 823 nostro
1821 782 1933 828 subter
1960 794 2038 817 ano-

1205 843 1217 851 *
1269 827 1334 862 tari
1356 826 1522 873 jzffimus.

501 1029 636 1078 Signum
656 1029 796 1077 seremff
785 1044 914 1067 morum
953 959 1127 1140 Μ
1154 947 1370 1141 ffi
1390 1030 1534 1077 Hugonis
1561 1031 1604 1065 (9‘
1631 1031 1779 1067 Lethari'
1754 1046 1777 1066 t
1805 1036 1950 1081 Regum.

1388 1132 1506 1168 Locus
1529 1131 1646 1182 sigilli
1669 1135 1710 1178 ᾧ
1732 1133 1822 1170 cerei
1843 1133 2038 1184 depeiUditi

399 1235 514 1271 Petrus
539 1233 758 1269 Cancellarius
783 1235 828 1269 ad
853 1234 954 1270 vicem
979 1232 1136 1270 Gerlanni
1162 1230 1449 1268 Arcbicancellarii
1474 1233 1637 1279 recognovi
1663 1234 1706 1267 Θ·
1727 1235 1914 1280 subscripsi.

399 1311 490 1345 Data
510 1311 598 1344 XVI.
619 1311 786 1344 Kalendas
801 1311 902 1354 suli,

931 1314 1037 1347 Anno
1065 1308 1275 1346 Dominicae
1301 1307 1558 1344 Incarnationis
1586 1309 1942 1344 DCCCCXXXVH.
1970 1314 2037 1345 Re-

495 1360 558 1405 gni
584 1362 656 1392 vera
684 1362 829 1405 Hugonis
858 1361 1061 1408 invi‘iiffimi
1087 1361 1187 1409 Regis
1216 1362 1258 1395 Χ.
1286 1359 1332 1398 &⁴
1361 1359 1480 1395 Domni
1507 1359 1656 1395 Lotharii
1682 1360 1756 1394 item
1783 1360 1882 1407 Regis
1914 1363 1951 1396 V.
1978 1361 2039 1397 In-

500 1408 657 1445 difiiione
688 1411 807 1446 V1111.

397 1483 523 1523 Ac‘lum
550 1484 672 1532 Papiae
693 1485 850 1528 feliciter.
878 1490 1007 1522 Amen.

452 1587 493 1621 In
536 1586 743 1632 Diplnmate
785 1587 1004 1635 praecedenti
1045 1586 1164 1623 mirati
1194 1586 1240 1629 C
1278 1583 1406 1618 bellam
1425 1582 1744 1631 quinquagesimam
1763 1584 1934 1632 primam,
1956 1587 2042 1622 Bus-

399 1635 516 1672 sumus
543 1641 602 1672 Aa
586 1638 640 1670 nni
668 1640 971 1673 DCCCCXXXVI.
1003 1637 1164 1673 Mensem

401 1687 628 1723 Februarium
677 1687 903 1735 conjuncium
949 1701 1029 1724 cum
1074 1690 1164 1724 Indi-

398 1738 499 1773 Hione
534 1740 622 1772 VIII.
656 1738 782 1774 Rursus
815 1739 892 1774 heic
923 1738 987 1786 (&
1020 1739 1097 1774 sane
1127 1738 1164 1774 in

399 1790 601 1825 membrana
622 1802 663 1823 ex
687 1790 798 1824 altero
819 1790 982 1824 Archivo
1003 1790 1163 1835 deprom-

398 1839 465 1887 ta)
502 1839 692 1885 reperimus
720 1840 863 1883 junium
898 1839 1056 1876 Mensem
1086 1845 1159 1876 An—

398 1889 434 1923 ni
462 1892 780 1926 DCCCCXXXVII.
812 1890 870 1926 sibi
903 1890 1070 1926 sociatam
1103 1891 1160 1926 ha-

399 1940 478 1975 bere
503 1940 711 1975 lndxc‘iionem
738 1944 844 1977 VIIII.
873 1941 923 1977 ita
949 1952 987 1977 ut
1012 1955 1078 1977 una
1107 1955 1160 1977 ea-

400 1989 549 2035 demque
577 1994 669 2026 Aera
709 1992 897 2040 utrobique
935 1992 1068 2028 servata
1103 2006 1161 2039 ap—

400 2049 543 2087 pareat.
582 2042 744 2076 Recurrit
772 2056 854 2089 ergo
883 2042 920 2078 ὅ(
954 2043 1032 2078 heic
1070 2043 1160 2078 idem

398 2089 529 2130 nodus.
546 2090 607 2137 qui
625 2090 746 2140 supra3
765 2104 843 2126 narn
858 2094 965 2127 Anno
980 2094 1163 2129 DCCCC·

400 2142 587 2176 XXXVII.
617 2141 723 2185 Junio
754 2141 877 2177 Mense
913 2143 950 2178 in
983 2143 1164 2179 communi

400 2190 461 2226 usu
491 2192 694 2226 decurrebat
723 2194 797 2226 Indi
801 2192 862 2226 710
891 2197 931 2228 X.
968 2195 1045 2229 Aut
1081 2207 1164 2241 ergo

398 2241 633 2288 excogitanda
662 2242 778 2289 aliqua
805 2243 874 2278 alia
899 2244 1022 2292 ignota
1046 2244 1087 2278 ha
1092 2243 1161 2279 &e-

399 2304 464 2326 nus
504 2291 738 2335 Indifflonis‚
775 2303 837 2328 aut
871 2295 941 2330 alia
968 2296 1068 2331 Anni
1106 2308 1163 2342 pe-

400 2341 540 2378 riodus.
565 2343 672 2388 Quod
698 2342 759 2378 nisi
787 2345 942 2392 placeat,
969 2344 1164 2380 dormitan-

400 2392 495 2428 tibus
520 2393 650 2429 Scribis
675 2394 874 2429 luxationes
902 2394 1072 2442 ejusmodi
1101 2395 1165 2429 tri-

399 2442 555 2479 buendae
595 2453 722 2480 erunt.
765 2444 1002 2480 Mabillonius
1042 2454 1165 2480 tamen

400 2492 482 2530 Lib.
514 2505 547 2539 ς.
579 2494 620 2530 de
654 2496 704 2531 Re
741 2494 986 2543 Diplomatica
1022 2495 1063 2530 ad
1092 2496 1165 2531 Ta-

1280 1635 1347 1669 lam
1372 1634 1516 1670 exhibet
1537 1635 1778 1683 idiographam
1802 1636 1972 1671 Paithalis
1996 1636 2042 1672 ΙΙ.

1282 1687 1392 1732 Papae
1433 1687 1541 1720 Anno
1581 1688 1724 1721 MCffl.
1767 1685 1960 1734 scriptam
2003 1687 2040 1721 in

1279 1749 1347 1783 qua
1368 1735 1505 1769 Indifflio
1525 1739 1564 1769 Χ.
1586 1737 1776 1784 apponitur
1796 1750 1857 1786 pro
1878 1739 1934 1772 ΧῙ.
1958 1747 2041 1772 tunc

1280 1790 1505 1822 decurrente.
1535 1787 1699 1822 Baluzius
1739 1801 1877 1835 quoque
1905 1788 1945 1823 ad
1975 1788 2042 1824 Li-

1281 1847 1370 1873 teras
1408 1837 1607 1873 Innocentii
1649 1840 1711 1874 111.
1752 1840 1862 1886 Papae
1895 1839 2042 1873 adnota-

1283 1889 1357 1928 vit,
1385 1887 1422 1924 in
1461 1888 1618 1936 Regisiro
1644 1889 1716 1938 ejus
1745 1890 1785 1925 ad
1827 1891 1967 1924 Annum
2001 1890 2043 1924 X.

1280 1952 1459 1974 occurrere
1497 1953 1567 1974 non
1606 1939 1710 1975 semel
1749 1940 1954 1975 Indic'lionem
1985 1942 2045 1975 IX.

1281 2003 1388 2037 quum
1415 1999 1531 2025 tamen
1560 2000 1642 2025 tunc
1671 1990 1706 2025 in
1734 1990 1830 2025 cursu
1860 1990 2044 2025 haberetur

1280 2041 1421 2075 Ιηάίέῖίο
1445 2044 1484 2075 Χ.
1509 2042 1686 2076 Praeterea
1710 2041 1880 2086 Campius
1906 2040 1943 2074 in
1968 2041 2044 2085 Ap-

1281 2091 1425 2138 pendice
1461 2092 1572 2127 Tomi
1612 2091 1718 2137 primi
1754 2090 1884 2123 Histor.
1912 2086 2043 2122 Eccles.

1283 2141 1473 2176 Placentin.
1511 2140 1708 2174 eorumdem
1753 2141 1883 2185 Regum
1915 2137 2042 2185 Diplo-

1247 2193 1254 2222 s
1281 2205 1334 2226 ma
1357 2189 1508 2247 profert:
1533 2192 1654 2223 Datum
1683 2190 1771 2223 VIII.
1794 2188 1961 2224 Kalendas
1974 2191 2044 2233 Ja-

1279 2240 1409 2280 nuarii‚
1447 2243 1548 2273 Anno
1588 2240 1772 2274 Dominicae
1812 2239 2044 2274 Incarnationis

1283 2291 1582 2326 DCCCCXXXVI.
1624 2289 1770 2335 Hugonis
1817 2293 1856 2324 X.
1899 2288 2045 2324 Lotharia‘

1279 2342 1352 2375 vete
1378 2342 1415 2374 V.
1442 2339 1618 2373 InaiHione
1642 2341 1790 2376 Οῗαυα.
1811 2339 1885 2376 Ubi
1909 2340 2043 2374 easdem

1282 2392 1394 2427 Notas
1420 2389 1546 2429 habes,
1570 2403 1655 2438 quas
1679 2403 1787 2439 nuper
1812 2391 1847 2426 in
1873 2388 2042 2425 Parmensi

1250 2437 1552 2486 'conspeximus‚
1590 2440 1640 2476 ita
1679 2451 1718 2476 ut
1761 2442 1868 2476 altera
1907 2454 1948 2476 ex
1987 2439 2042 2474 his

1249 2475 1256 2527 Ι
1280 2491 1424 2528 Chattis
1452 2493 1599 2528 alteram
1628 2490 1837 2529 confirmet.
1868 2490 1926 2528 Ad
1955 2488 2043 2525 hane

1896 2552 1979 2576 ean-
