2232 3089
510 143 880 190 D1335RTATIO
913 140 1355 199 TRAGESJMAQUA
1400 143 1475 185 TA
1486 154 1498 187 3
1711 156 1762 205 33

189 210 337 258 Capituli
363 207 478 256 ,tigilli
501 205 665 253 pendentis
702 203 873 238 menimine
901 216 947 236 νο·
985 206 1015 239 A
1062 201 1098 236 hi
1129 201 1374 237 memorandae
1402 201 1504 247 sunt,
1532 202 1728 252 suspicione
1756 209 1824 245 mia

191 261 326 304 bora-vi,
353 264 454 296 Anno
479 255 678 293 Nativitatis
706 255 838 290 Domini
863 255 948 288 Mit-

191 313 295 354 Iefimo
321 307 539 348 Trecentesimo
565 304 854 352 Quinquagefimo,
892 307 947 339 Ιη-

191 364 330 400 diffluae
355 362 416 395 III.
441 358 493 391 die
519 359 577 392 IX„
597 356 720 398 Mensis
737 355 851 400 sulii,
877 365 947 398 pre-

186 412 331 461 sentibus
356 408 506 453 premiffis
533 408 680 443 Notariis
700 405 947 451 suprascriptis,

193 464 240 503 &¹
270 459 415 509 providis
441 458 525 493 viris
551 458 736 492 Presbiteris
763 456 886 501 jacobo
911 458 949 490 de

191 512 357 548 Florentia
383 509 429 548 &¹
457 508 591 543 Henrico
620 510 659 543 de
694 510 809 543 Padua
834 521 869 542 ac
895 507 946 541 Si-

190 563 314 598 manino
349 564 387 596 de
413 559 613 606 aquilegia,
642 558 871 600 Manfionariis
896 558 949 592 di-

188 612 239 649 ιἹσ
265 611 400 652 Ecclefie
425 609 687 657 Aquilegz’enfis,
718 609 851 655 aliisque
873 608 948 654 plu-

192 663 279 699 ribus
319 661 446 706 testibus
485 661 530 695 ad
569 663 623 695 hec
660 659 782 694 vocatis
823 658 864 693 (9¹
901 670 947 691 ro—

187 714 297 761 gatis.

243 762 336 799 Illud
373 775 465 799 nunc
501 774 660 807 moneo,
700 760 797 810 saepe
833 759 949 796 minus

190 813 415 850 difficultatis
444 826 623 849 occurrere
652 812 690 848 in
718 811 949 861 dignoscenda

190 865 412 914 ingenuitate
449 873 508 900 aut
544 863 714 911 figmento
742 862 948 909 archetypo-

191 929 292 959 rum,
321 917 425 963 quam
454 914 752 963 apographorum.
781 915 822 948 In
849 912 894 948 iis
916 925 950 947 e-

190 967 266 1002 nim
305 965 541 1002 chara&erum
559 992 568 1008 ‚
609 963 950 1014 monogrammatis,

191 1016 326 1066 figilli,
363 1016 581 1064 aliarumque
617 1025 780 1052 notarum
823 1014 950 1052 facies,

191 1066 349 1104 accusare
375 1076 436 1103 aut
468 1066 645 1102 absolvere
681 1066 850 1102 Chartam
889 1078 950 1113 po-

192 1118 274 1154 test.
312 1119 353 1153 In
381 1117 588 1166 apographis
617 1120 699 1152 vero
727 1117 769 1152 de
805 1115 860 1151 his
898 1116 951 1162 ju-

190 1169 326 1205 dicium
370 1168 467 1216 saepe
508 1177 638 1203 certum
682 1166 764 1201 ferri
801 1165 951 1212 nequit,

193 1228 299 1265 atque
326 1218 429 1253 unice
457 1215 714 1264 inspiciendum
742 1215 809 1255 est,
837 1215 951 1251 Chro-

183 1267 401 1315 <nologia-ne
425 1293 436 1310 ,
477 1265 671 1309 formulae,
713 1279 752 1301 ac
794 1265 951 1301 Historia

193 1317 286 1353 re6³ce
315 1316 346 1351 se
374 1316 546 1359 habeant,
577 1329 619 1351 an
648 1316 769 1364 aliquo
797 1316 869 1352 alio
897 1316 951 1351 vi-

193 1367 249 1403 tio
275 1367 454 1401 laborent.
491 1367 545 1398 At
579 1366 657 1399 heic
694 1367 780 1399 adeo
808 1366 951 1400 eviden-

192 1425 248 1453 ter
274 1414 427 1451 enormis
454 1412 602 1448 stultitia
629 1425 669 1448 ac
705 1412 847 1448 inscitia
883 1414 951 1448 im-

195 1465 341 1516 postoris
369 1464 401 1500 se
430 1463 570 1512 prodit,
609 1472 647 1498 ut
684 1463 784 1511 plane
819 1461 862 1497 fit
888 1462 952 1498 ho-

192 1517 268 1565 spes
304 1516 340 1552 in
375 1513 545 1563 ejusmodi
580 1512 721 1555 studiis,
758 1513 819 1562 qui
848 1527 866 1548 e
894 1527 950 1548 ve-

193 1567 297 1616 stigio
323 1565 507 1602 falsitatem
533 1578 603 1600 non
632 1563 778 1600 sentiat.
806 1563 951 1608 Fidem,

191 1617 353 1665 inquies,
385 1616 615 1652 instrumento
642 1614 777 1651 faciunt
806 1613 950 1652 Notarii

193 1679 364 1716 quatuor.
393 1666 450 1702 Ut
477 1667 594 1702 lubet.
623 1666 684 1701 Ista
708 1679 772 1714 ego
793 1666 835 1702 de
856 1664 948 1702 caus-

191 1720 228 1755 sa
254 1718 430 1767 prolixam
458 1717 604 1753 illorum
633 1726 807 1752 catervam
837 1716 948 1753 serva-

191 1778 265 1805 tam
294 1768 372 1805 heic
401 1767 524 1810 volui,
552 1777 590 1804 ut
614 1768 732 1803 *minus
761 1767 866 1816 periti
893 1769 950 1804 ad*

192 1819 348 1863 discant,
390 1818 475 1866 quid
510 1819 552 1854 de
588 1818 788 1865 hujusmodi
829 1818 951 1867 praesi-

193 1870 261 1906 diis
288 1869 491 1919 sperandum
530 1869 589 1904 fit.
628 1872 684 1905 Ne
711 1879 852 1905 centum
871 1894 881 1909 ,
909 1883 951 1905 ne

193 1921 296 1956 mille
341 1920 483 1968 quidem
524 1920 752 1956 Tabelliones
793 1921 950 1957 dealbare

193 1970 410 2016 Aethiopem
450 1980 522 2006 tam
562 1970 743 2007 horridum
787 1972 949 2019 poffunt.

193 2024 288 2058 Dum
337 2021 457 2056 Secula
497 2020 717 2069 ignorantiae
760 2020 914 2057 fluebant
940 2046 949 2061 ‚

193 2072 332 2108 fortaffe
360 2084 486 2119 pompa
523 2071 606 2106 haec
641 2072 871 2108 Notariorum
900 2072 949 2106 af-

193 2122 412 2159 firmantium
440 2120 477 2159 &
507 2122 812 2170 comprobantium
838 2122 949 2158 Char-

193 2184 264 2210 tam
296 2173 349 2209 uti
376 2172 598 2219 legitimam,
626 2173 802 2221 imperitis
830 2172 949 2208 fucum

194 2223 364 2260 faciebat.
392 2222 501 2258 Certe
530 2224 571 2258 ab
595 2222 766 2271 ejusmodi
795 2224 950 2271 periculo

197 2275 356 2309 seculum
384 2273 534 2309 nostrum
563 2274 672 2317 abest,
709 2274 848 2321 quoties
875 2274 949 2322 agi-

200 2329 254 2355 tur
279 2324 320 2359 de
348 2324 498 2367 tabulis,
526 2323 603 2372 pice
630 2334 700 2360 tam
730 2324 828 2373 nigra
855 2324 949 2360 fuca-

202 2369 269 2404 tis.
307 2376 380 2408 Has
416 2383 531 2409 autern
569 2374 608 2409 in
644 2374 776 2410 nullius
811 2375 949 2411 incom-

201 2418 343 2453 modum
383 2433 485 2470 atque
526 2424 689 2471 injuriam
732 2426 949 2474 excogitatas

200 2468 339 2518 opinari
365 2469 414 2507 fas
440 2474 504 2511 est.
531 2477 631 2521 Quae
657 2478 741 2514 vero
767 2489 859 2515 nunc
880 2476 949 2516 mi.-

1063 253 1158 287 nime
1200 261 1344 296 carent,
1385 253 1472 300 quin
1514 264 1650 303 praeter
1691 259 1824 306 gloriae

1066 311 1315 351 augmentum,
1344 303 1381 338 in
1410 304 1499 340 lucri
1528 305 1635 341 etiam
1662 309 1823 356 captandi

1066 353 1158 402 spem
1186 353 1276 389 olim
1305 353 1476 390 confie‘me
1513 355 1664 393 fuerint.
1704 358 1797 395 Infra
1815 387 1825 404 ‚

1065 404 1133 439 hoc
1174 403 1218 440 est
1258 404 1296 440 in
1334 405 1585 443 Differtatione
1623 408 1756 445 XLIV.
1790 412 1827 445 de

1066 456 1245 490 Literarum
1261 455 1410 500 fortuna,
1433 461 1737 495 commemoranda
1757 461 1828 498 rni-

1068 505 1105 541 hi
1133 506 1201 541 erit
1235 505 1360 553 opinio
1396 518 1578 549 veterum,
1614 509 1763 546 fortaffis
1789 525 1828 547 e-

1068 555 1155 591 tiam
1185 555 1222 593 ἃ
1251 557 1389 605 aliquot
1416 558 1617 596 viventium
1644 562 1828 599 Bononiae

1069 606 1244 647 Civium,
1281 607 1343 655 qui
1380 610 1610 646 Academiam
1647 610 1717 648 five
1752 614 1830 658 Gy-

1069 657 1237 693 mnasxum
1273 658 1371 694 suum
1408 672 1428 694 a
1455 659 1653 696 Theodosio
1689 661 1829 699 minore

1070 708 1228 756 Augusto
1265 718 1350 745 ante
1375 711 1500 745 Annos
1537 711 1646 748 Mille
1673 711 1712 749 &
1740 714 1830 749 Tre·-

1071 769 1190 795 centos
1232 759 1430 796 institutum
1468 760 1567 797 fuisse
1603 763 1830 800 censuerunt.

1071 812 1178 845 Porro
1205 811 1306 846 illam
1334 824 1352 846 a
1381 811 1589 849 doaiffimis
1612 813 1701 850 viris
1727 823 1832 851 antea.

1069 860 1312 905 exfibilatam,
1353 875 1418 910 ego
1458 875 1598 911 quoque
1633 865 1734 900 nullo
1770 865 1830 901 vel

1069 910 1222 947 minimo
1249 911 1412 948 veritatis
1450 912 1678 950 fundamento
1705 915 1830 953 nixam

1070 962 1318 1009 pronuntiavi.
1357 965 1451 1000 Nam
1488 963 1548 999 etfi
1584 965 1752 1014 obsequio
1789 980 1830 1002 ae

1070 1014 1158 1048 bona
1187 1015 1374 1050 voluntate
1409 1013 1447 1049 in
1476 1013 1755 1051 florentiffimam
1783 1016 1830 1052 il-

1067 1065 1137 1099 lam
1167 1065 1323 1109 Urbem,
1360 1063 1399 1101 &
1437 1065 1594 1115 egregios
1630 1066 1742 1103 Cives
1769 1080 1832 1103 ne-

1069 1115 1160 1150 mini
1188 1116 1402 1160 concedam,
1440 1116 1682 1153 assentationis
1710 1127 1830 1153 tamen

1068 1174 1189 1201 notam
1226 1179 1305 1203 cum
1334 1166 1507 1203 Veritatis
1543 1167 1725 1217 dispendio
1761 1168 1831 1205 five

1069 1226 1250 1253 contemtu
1264 1244 1275 1261 ‚
1294 1216 1437 1253 honesto
1457 1217 1601 1255 homine
1622 1218 1805 1269 indignam
1818 1246 1831 1264 ‚

1068 1279 1087 1301 a
1114 1266 1251 1314 scriptis
1279 1267 1367 1303 meis
1394 1269 1578 1304 arcendam
1609 1269 1744 1318 semper
1770 1283 1832 1306 cu-

1069 1316 1166 1351 ravi.
1207 1317 1386 1356 Accedit,
1427 1318 1520 1364 quod
1558 1319 1737 1354 neminem
1774 1333 1833 1355 ae-

1068 1366 1170 1413 quius
1212 1367 1317 1414 quam
1359 1366 1602 1404 Mutinensem
1645 1367 1831 1406 hominem

1068 1416 1188 1457 decet,
1216 1416 1254 1449 in
1281 1416 1453 1463 ejusmodi
1475 1418 1683 1464 opinionem
1710 1420 1831 1466 palam

1068 1462 1268 1512 insurgere,
1306 1466 1446 1512 quando
1473 1467 1712 1504 Bononienses
1739 1469 1831 1507 olim

1068 1513 1212 1549 eandem
1239 1513 1291 1550 ita
1318 1514 1474 1551 foverint
1498 1518 1533 1552 &
1554 1518 1835 1566 amplificarint‚

1068 1573 1107 1600 ut
1144 1564 1183 1600 in
1225 1564 1379 1613 ipsorum
1415 1567 1672 1605 Mutinenfium
1711 1571 1829 1619 perni-

1068 1615 1159 1651 ciem
1187 1617 1447 1654 converterint.
1482 1619 1589 1664 Quod
1625 1620 1707 1667 quei
1734 1621 1828 1657 acci-

1068 1665 1189 1706 derit,
1225 1667 1357 1703 Lefiior
1393 1681 1484 1704 nunc
1511 1682 1531 1704 a
1557 1682 1613 1705 me
1651 1669 1828 1719 accipiat,

1069 1716 1238 1764 simulque
1264 1717 1473 1765 intelligat,
1511 1733 1615 1767 quem
1652 1721 1691 1756 in
1728 1722 1829 1757 usum

1069 1768 1238 1803 anteafifis
1266 1769 1482 1816 temporibus
1507 1770 1665 1814 cederet,
1693 1771 1830 1807 confin-

1068 1819 1189 1867 gendis
1205 1817 1351 1855 Chattis
1367 1833 1507 1868 operam
1524 1820 1604 1856 dare
1616 1847 1626 1857 .
1646 1823 1699 1857 Ut
1710 1822 1830 1858 Bono-

1069 1868 1175 1905 niensi
1204 1869 1394 1916 Gymnafio
1422 1870 1541 1918 (quod
1568 1872 1694 1908 seculo
1720 1871 1831 1909 Chri-

1069 1920 1109 1955 sti
1138 1922 1197 1954 XI.
1226 1920 1378 1967 primum
1416 1921 1616 1958 institutum
1648 1922 1748 1959 fuifl'e
1774 1923 1831 1960 di-

1070 1983 1145 2006 cam
1182 1969 1271 2006 infra
1309 1971 1346 2006 in
1375 1971 1627 2009 Differratione
1663 1974 1831 2023 XLIV.)

1069 2021 1209 2056 uberior
1236 2021 1391 2057 nominis
1419 2021 1457 2058 &
1486 2023 1708 2061 auffioritatis
1735 2024 1829 2060 fama

1070 2071 1340 2117 conciliaretur,
1377 2073 1494 2109 nescio
1530 2075 1628 2121 cujus
1662 2075 1701 2111 in
1728 2087 1830 2111 men-

1070 2132 1141 2158 tem
1183 2122 1312 2166 subist,
1349 2124 1475 2159 referre
1515 2123 1615 2160 illius
1651 2124 1829 2174 originem

1069 2173 1110 2209 ad
1141 2172 1330 2209 Theodosii
1366 2174 1414 2211 II.
1442 2173 1480 2211 &
1509 2175 1626 2211 Sanffi
1667 2176 1827 2212 Petronii

1069 2223 1234 2272 Episcopi
1271 2233 1448 2273 tempora.
1486 2228 1607 2271 Quum
1637 2229 1720 2262 vero
1746 2226 1826 2261 nul-

1068 2275 1122 2309 lus
1158 2274 1265 2314 esset,
1303 2288 1416 2324 neque
1451 2277 1516 2311 effe
1558 2277 1667 2323 poffet
1706 2285 1822 2313 tantae

1068 2323 1118 2360 rei
1146 2324 1367 2361 authenticus
1395 2326 1508 2366 testis,
1544 2327 1676 2363 Charta
1712 2324 1822 2361 confi-

1068 2375 1125 2411 &a
1151 2377 1251 2411 nullo
1278 2376 1396 2413 labore
1424 2376 1514 2422 fuit,
1543 2392 1631 2426 quae
1658 2374 1824 2425 magnifi-

1067 2439 1141 2463 cam
1170 2428 1202 2462 8<
1236 2426 1492 2464 vetustiffimam
1530 2426 1742 2463 Academiae
1777 2426 1824 2462 il-

1066 2476 1135 2514 lius
1163 2476 1422 2516 institutionem
1442 2478 1600 2517 credulae
1622 2475 1720 2562 gznti
1748 2476 1823 2521 suas

1107 2526 1141 2562 C
1196 2539 1217 2564 2
1675 2534 1770 2572 eret,
