2232 3089
428 244 514 284 9¹3
780 228 1183 272 HISTORJAE
1225 229 1596 275 ROMANAE
1857 251 1947 289 914

368 286 414 321 cio
431 315 441 330 ,
467 287 611 322 buomem'
637 286 768 332 (melfi,
795 291 832 324 de
860 290 888 324 li
917 290 1008 336 quali
1033 291 1132 324 have·
1172 289 1219 330 A,
1244 289 1384 331 stardis,
1415 290 1601 328 Palazzino
1617 318 1628 336 ‚
1663 293 1697 328 &
1727 294 2005 334 Bertolduccio,

369 351 417 372 mo
437 338 624 386 sospitione.
651 341 704 375 La
732 340 846 376 donna
863 368 873 384 ,
910 351 1069 387 receputa
1098 342 1132 376 la

368 388 518 434 lettera,
555 403 625 425 non
655 403 756 425 curze
784 389 923 426 subbito
951 405 968 426 3
996 392 1029 426 13
1057 391 1132 426 sen-

368 440 481 476 tentia
499 466 509 475 .
537 443 640 475 Anco
671 439 955 487 esquefitamente
983 455 1048 477 con
1077 441 1131 477 di-

367 490 517 538 ligentia
563 490 634 538 spia
675 490 717 525 de
757 491 790 525 13
837 491 1043 528 counitione
1089 492 1132 528 de

368 539 478 587 queffi
515 549 658 587 quarti-0
696 540 901 577 Cittatini.
939 544 967 578 E
1006 553 1131 579 trovao

367 591 432 625 che
471 603 576 626 erano
618 592 708 627 bone
749 605 897 640 perzone
939 607 958 629 e
999 593 1129 630 fedele-

367 640 624 689 Specialmente
652 644 685 678 13
712 642 827 678 donna
862 644 972 680 habbe
1009 645 1129 681 conzi·

366 691 442 740 glio
478 692 520 727 de
556 692 616 728 doi
653 692 844 729 fideliffimi
881 695 988 730 amici
1025 696 1129 731 delo

366 741 518 782 marito,
547 742 623 779 cioe
649 745 873 793 Scaraglino,
901 747 1046 782 nobbile
1067 746 1129 782 ho-

365 805 427 828 mo
445 819 455 835 ,
482 806 501 828 e
528 793 680 843 Giorgio
707 795 748 830 de
784 796 813 831 li
849 797 1039 833 Tumberti
1056 824 1065 832 .
1097 800 1129 833 A

366 842 476 891 queffi
505 845 629 881 mostra
656 846 690 881 la
719 846 864 883 lettera.
904 852 956 886 La
984 847 1129 896 resposta

367 894 409 929 de
437 894 545 942 queffi
582 895 618 932 fb
655 897 795 945 queffa:
836 901 1032 943 Madonna,
1070 913 1130 934 non

365 948 493 980 vedemo
521 947 673 991 casciane,
697 959 737 995 pe
763 950 798 983 la
824 951 916 996 quale
942 951 1036 998 queffi
1054 953 1128 986 den-

366 1010 406 1031 no
431 997 564 1033 morire.
592 1001 666 1034 Non
695 999 850 1044 statilino,
886 1002 937 1036 che
962 1003 1048 1036 uitro
1075 1016 1128 1036 no-

367 1047 475 1082 vitate
503 1061 660 1085 movano.
697 1052 738 1084 Se
772 1052 866 1097 queffi
900 1050 1072 1097 perdeffeno
1098 1055 1132 1087 la

365 1098 464 1137 vita,
491 1098 580 1140 fuera
604 1100 760 1146 pericolo,
797 1103 848 1136 che
883 1104 913 1138 lo
941 1105 1075 1149 Puopolo
1102 1104 1131 1147 se

359 1147 537 1195 [degniaffe
560 1176 569 1185 .
616 1149 706 1196 Paffa
745 1155 871 1200 dunque
912 1165 968 1199 per
1007 1157 1054 1188 mh
1094 1157 1133 1189 de

367 1197 466 1247 qut-ss}
492 1200 611 1243 iudicio
631 1201 726 1246 fare.
756 1206 826 1238 Noa
854 1206 888 1239 in
916 1203 1015 1252 queffo
1041 1206 1133 1245 mieso
1175 1203 1183 1225 “

361 1250 494 1294 ssaremo
528 1253 728 1299 numerosi,
755 1268 771 1289 e
797 1267 969 1290 metteremo
1004 1256 1130 1299 penzie-

367 1314 425 1341 ro,
452 1314 468 1335 e
501 1308 638 1348 porren‘to
673 1318 746 1340 cura
781 1320 801 1339 ι
836 1308 862 1338 li
898 1305 1002 1340 artie
1029 1306 1134 1340 mundi

367 1353 452 1387 loro.
479 1357 619 1399 Quanno
645 1355 807 1399 vedeffimo
826 1355 936 1390 aicuno
956 1357 1037 1390 male
1052 1357 1131 1401 sem-

369 1404 489 1438 miaente
515 1405 543 1438 li
562 1404 655 1438 nanti
677 1404 812 1447 faremo.
840 1408 1129 1451 Comprcnneremo-

367 1454 415 1494 li,
445 1467 459 1487 e
485 1467 537 1488 con
564 1454 726 1499 manifesto
750 1455 871 1500 judicio
896 1472 916 1492 a
943 1458 995 1504 effi
1020 1459 1129 1503 toglie-

369 1518 449 1539 remo
485 1504 519 1538 la
554 1504 628 1539 vin
662 1507 701 1540 de
738 1507 886 1551 subbito.
925 1511 979 1545 La
1017 1509 1132 1545 donna

368 1555 513 1591 assentio
550 1569 569 1590 a
607 1556 641 1590 lo
679 1558 859 1606 conziglio
897 1559 937 1595 de
979 1559 1006 1594 li
1048 1560 1131 1596 duoi

369 1605 536 1641 nuobbeli
566 1605 663 1643 fideii
691 1608 732 1644 de
761 1608 808 1644 fio
832 1610 979 1646 marito.
1009 1613 1132 1647 Sonta-

369 1656 502 1692 stettese
524 1657 564 1692 de
586 1658 746 1696 novitate
774 1660 866 1697 fare.
894 1662 1024 1707 Queffo
1045 1672 1130 1698 trat-

369 1717 446 1744 tato
474 1706 509 1743 fo
537 1708 578 1744 de
607 1707 763 1754 secreto,
799 1725 816 1747 e
852 1712 894 1748 de
930 1712 1060 1749 secreto
1097 1713 1132 1749 fb

370 1759 527 1797 revelato
565 1773 583 1795 a
625 1762 733 1809 queffi
779 1773 945 1810 quattro.
981 1764 1132 1800 Allhota

371 1808 479 1858 queffi
507 1820 650 1857 quattro
686 1813 808 1860 tiengo
835 1826 929 1849 novo
957 1824 1104 1850 trattato
1121 1843 1131 1860 ‚

372 1874 554 1909 penzanno
581 1861 624 1897 de
650 1863 825 1898 revoitare
846 1865 878 1898 la
901 1865 1039 1901 Cittate
1061 1865 1129 1902 sot-

369 1911 508 1959 tosopra
525 1937 534 1947 .
572 1913 676 1955 Janni
707 1914 893 1962 Zaganella
921 1916 985 1952 deo
1013 1917 1049 1952 lo
1076 1931 1131 1952 or—

368 1961 455 1998 dene
482 1961 576 1998 intra
603 1962 631 1998 li
659 1964 765 2000 amici
807 1964 865 2001 fici
893 1980 958 2002 con
987 1981 1057 2003 uno
1085 1967 1132 2004 fio

369 2012 594 2049 ronzinetto.
622 2014 823 2051 Cavaicava
859 2030 901 2064 pe
937 2019 970 2053 13
997 2020 1131 2055 Terra.

369 2064 500 2109 Queffo
527 2077 545 2099 e
573 2064 693 2111 quello
720 2064 945 2104 sollecitava.
974 2071 1053 2104 Una
1078 2069 1129 2105 di-

371 2126 503 2158 mane,
550 2127 652 2150 como
689 2117 722 2152 la
760 2116 837 2153 cosa
874 2132 930 2154 era
967 2129 1132 2160 recente,

369 2166 501 2209 jacovo
542 2165 583 2201 de
627 2166 655 2202 li
697 2167 850 2206 Bastardi
886 2183 983 2206 curre
1021 2184 1063 2205 co
1099 2171 1132 2206 13

324 2259 332 2262 “
370 2215 556 2252 vicinanza
583 2230 601 2252 3
639 2219 672 2254 13
712 2221 816 2256 Porta
851 2220 893 2256 de
929 2222 963 2256 13
999 2221 1132 2268 Troia,

369 2281 388 2303 e
416 2266 448 2303 se
476 2268 508 2302 la
545 2267 662 2316 prese.
701 2271 937 2308 Bertonuccio
963 2286 981 2307 e
1011 2273 1130 2308 Palaz-

367 2319 452 2355 zino
489 2318 603 2354 fecero
642 2323 796 2372 puopolo
818 2351 828 2367 ,
866 2337 884 2359 0
921 2323 1061 2359 sbarrao
1099 2324 1132 2359 la

368 2370 526 2407 Gittate.
556 2371 644 2406 Puoi
671 2386 837 2410 mannam
865 2374 930 2410 doa
958 2374 1128 2423 jumenta-

369 2421 399 2457 ri
428 2422 491 2457 alli
519 2421 679 2469 Ongari,
719 2424 781 2460 che
818 2425 979 2460 staveano
1017 2438 1035 2459 a
1073 2427 1129 2459 Sa-

370 2472 540 2521 vigniano
568 2485 610 2509 ne
637 2473 674 2508 lo
702 2475 942 2511 Vattifuolle.
982 2475 1133 2509 Celeriter

371 2523 423 2558 illi
464 2527 613 2559 vadunt.
650 2526 803 2571 Quanno
841 2525 1021 2562 Madonna
1063 2525 1131 2561 Cia

339 2621 350 2632 ·
371 2575 454 2611 odio
481 2575 518 2611 10
544 2587 703 2617 remote,
739 2575 840 2627 sappe
877 2576 940 2613 che
977 2576 1009 2613 se
1036 2577 1133 2612 leva-

1033 2639 1077 2663 va

1244 339 1378 375 Guelfis
1406 340 1634 382 hominibus,
1670 344 1711 379 de
1748 357 1897 391 quorum
1935 344 2005 382 fide

1244 391 1445 428 dubitamus
1460 418 1468 427 .
1497 396 1634 439 Recepta
1659 395 1786 441 epistole
1806 397 1919 430 mulier
1937 409 2008 430 ma-

1245 442 1302 476 riti
1337 445 1491 478 mandata
1531 456 1591 477 non
1626 444 1710 480 illico
1744 446 1904 491 absolvit.
1940 447 2006 482 sed

1243 493 1442 539 diligentiori
1467 495 1575 529 habita
1600 496 1763 540 examine,
1792 498 1834 531 (9¹
1861 500 2006 544 explora-

1245 545 1278 576 ti
1305 546 1505 578 laudatorum
1537 557 1669 591 quatuor
1696 549 1826 582 Civium
1853 549 2005 582 conditio*
2040 558 2042 560 ’

1245 608 1302 637 ne,
1329 607 1377 628 eos
1401 596 1557 639 probitate
1585 597 1627 630 (Ὺ
1654 596 1725 641 fide
1750 601 2005 634 commendabiles

1244 643 1299 690 effi
1326 645 1525 692 recognovit.
1553 648 1721 692 Praecipue
1746 662 1818 684 vero
1845 649 2005 689 confilium

1243 697 1374 729 duorum
1414 697 1526 731 marito
1567 697 1789 744 fidtffimoruno
1837 699 2005 734 amicerum

1243 746 1394 782 adhibuit
1417 774 1428 791 ,
1479 749 1626 782 nimirum
1669 750 1850 796 Scaraglini
1889 749 2007 784 nobilis

1243 797 1330 841 viri,
1359 797 1405 836 ἔφ’
1432 799 1559 845 Georgii
1585 801 1624 833 de
1651 800 1854 835 Tumhmis.
1879 802 2007 835 Ambo-

1243 850 1299 882 bus
1325 848 1468 894 epistolae
1493 863 1640 883 areanum
1668 850 1930 885 communicavit.
1960 854 2005 886 U-

1219 904 1345 944 'terquo
1365 911 1466 931 eorum
1487 899 1519 932 in
1541 900 1597 933 bac
1623 900 1685 942 fuit
1712 900 1890 941 sententia:
1912 902 2004 936 Nul-

1243 949 1312 983 lam
1334 948 1493 993 causam,
1513 949 1712 998 (inquiunt)
1744 950 1919 994 Domina,
1947 951 2005 986 in-

1245 1000 1424 1035 venimus,
1457 1011 1523 1045 qua
1551 999 1660 1034 iidem
1699 1000 1858 1034 homines
1896 1001 2006 1037 morti

1244 1049 1307 1084 [int
1335 1048 1582 1096 adjudicandi.
1613 1048 1816 1085 Nescimus,
1847 1049 1912 1084 ulli
1940 1063 2005 1086 no-

1245 1100 1349 1135 vitati
1378 1112 1435 1133 eos
1471 1112 1610 1144 operam
1649 1099 1748 1135 dare.
1785 1099 2004 1137 Timendum

1244 1150 1320 1184 sane
1357 1149 1458 1187 effer,
1497 1148 1517 1183 fi
1555 1148 1633 1197 ipsis
1673 1150 1748 1186 vita
1784 1150 2002 1195 eriperetur,

1243 1213 1285 1235 ne
1314 1200 1466 1244 Populus
1494 1200 1535 1235 ad
1574 1200 1724 1236 furorem
1763 1214 2010 1239 commorere-

1243 1261 1320 1286 tur.
1349 1249 1531 1298 Ejusmodi
1560 1251 1732 1300 judicium
1759 1253 1878 1299 itaque
1906 1252 2004 1289 exse-

1243 1301 1409 1349 quutioni
1438 1302 1644 1338 demandare
1672 1316 1763 1339 nunc
1783 1302 1914 1339 define.
1943 1304 2003 1340 In-

1198 1361 1202 1364 ’
1243 1363 1334 1388 terea
1363 1366 1425 1389 nos
1453 1355 1623 1390 attentius
1650 1354 1750 1389 omni
1784 1354 2003 1400 cogitatione

1242 1417 1281 1438 ac
1308 1404 1496 1449 diligentia
1537 1405 1647 1441 nostra
1675 1405 1875 1441 eorumdem
1905 1405 2003 1442 aRus

1242 1453 1279 1490 &
1322 1465 1438 1491 motus
1479 1455 1521 1491 de
1562 1466 1677 1492 cetero
1716 1455 2004 1493 observabimus.

1240 1505 1463 1553 Cuicumque
1500 1509 1617 1550 malo,
1653 1508 1686 1542 &
1725 1505 1808 1541 mali
1851 1505 2002 1554 speciei,

1240 1557 1332 1604 quod
1374 1557 1483 1593 Cives
1525 1558 1603 1607 ipsis
1645 1556 1798 1594 excitare
1839 1556 2000 1605 possent,

1242 1609 1523 1653 praecavebimus
1544 1636 1553 1645 .
1598 1611 1666 1644 Eos
1708 1618 1791 1644 tunc
1841 1620 2002 1653 compre-

1240 1658 1451 1699 hendemm,
1479 1674 1518 1696 ac
1548 1659 1726 1695 manifesto
1764 1658 1896 1704 judicio
1924 1659 1999 1695 illis

1239 1709 1350 1744 vitam
1381 1710 1538 1758 protinus
1560 1711 1772 1746 adimemus.
1800 1710 1924 1743 Mulier
1942 1723 2001 1744 vo-

1239 1771 1268 1794 to
1293 1762 1422 1795 duorum
1449 1762 1600 1797 nobilium
1627 1761 1735 1796 mariti
1770 1760 1819 1803 sui
1847 1759 2000 1805 fidelium

1239 1811 1426 1857 acquiescens
1442 1839 1452 1855 ,
1479 1813 1635 1847 novitatis
1661 1812 1925 1858 prosequutionem
1951 1824 2001 1846 re-

1239 1861 1341 1902 misit.
1384 1866 1469 1897 Haec
1503 1864 1615 1907 secreto
1649 1864 1780 1907 fuerunt
1819 1861 1891 1898 afla
1910 1889 1921 1906 ‚
1958 1862 2003 1897 Ο·

1237 1912 1426 1959 postmodum
1469 1914 1578 1958 secreto
1617 1914 1712 1949 etiam
1753 1912 1826 1959 ipsis
1870 1924 2004 1960 quatuor

1239 1962 1377 1998 Civibus
1405 1965 1566 2001 revelata.
1604 1968 1696 2011 Quae
1728 1974 1764 1998 ut
1791 1964 1843 1997 illi
1869 1964 2003 2008 refiive-

1241 2024 1335 2054 runt,
1365 2015 1542 2050 Civitatem
1574 2016 1724 2062 susdeque
1757 2027 1941 2049 commovere
1968 2015 2004 2050 in

1241 2066 1345 2099 animo
1374 2067 1568 2107 habuerunt,
1596 2065 1771 2101 rebellionis
1800 2069 1922 2099 modum
1949 2079 2003 2100 ex-

1241 2117 1432 2162 cogitantes.
1474 2119 1520 2153 Ob
1556 2117 1591 2151 id
1622 2120 1786 2162 Joharmes
1823 2116 2002 2164 Zagaenellae

1241 2179 1412 2213 conceptam
1439 2182 1501 2202 rem
1525 2168 1560 2202 iu
1580 2169 1718 2202 ordinem
1745 2167 1907 2212 redigens,
1935 2177 2002 2199 cum

1242 2220 1390 2252 mannulo
1422 2220 1477 2263 suo
1502 2231 1556 2265 per
1592 2218 1704 2254 Urbem
1739 2215 1911 2262 obequitare
1938 2228 2002 2249 coe-

1240 2270 1312 2313 pit,
1341 2271 1427 2303 mod'o
1453 2270 1533 2305 bunc
1559 2272 1646 2304 mod&
1670 2269 1762 2302 illum
1784 2266 1828 2300 ad
1852 2265 2003 2309 defemo-

1243 2333 1311 2353 neno
1339 2321 1496 2356 incitans.
1523 2324 1669 2365 Quodam
1695 2329 1804 2354 mane,
1832 2329 1924 2362 quum
1948 2328 2005 2350 ”⁶-

1238 2371 1360 2416 gotium
1386 2371 1487 2405 adbuc
1512 2369 1582 2415 effer
1616 2369 1649 2402 in
1685 2366 1806 2401 exordio
1823 2378 1840 2410 ,⁴
1860 2367 2003 2411 Jacobus

1242 2423 1280 2454 de
1323 2420 1486 2463 Bastardis
1525 2432 1592 2453 cum
1630 2418 1753 2453 vicinia
1787 2417 1832 2451 nd
1874 2420 2002 2451 Portam

1243 2470 1357 2516 Troiae
1382 2470 1535 2510 cucurrit,
1562 2483 1655 2517 quam
1681 2468 1778 2514 cepit.
1814 2468 2004 2503 Barnun-

1242 2522 1306 2556 cius
1341 2522 1384 2556 θ’
1419 2521 1620 2568 Palazzinus
1656 2520 1809 2566 Populum
1845 2521 2004 2555 coaduna-

1213 2610 1216 2617 ‚
1242 2582 1339 2613 runt,
1375 2573 1537 2620 repagulis
1577 2571 1684 2608 urbem
1723 2570 1894 2615 obstruxere
1909 2593 1920 2608 ‚
1955 2569 2003 2609 ῥ’

1855 2623 1952 2656 Hun-
