2232 3089
458 197 539 238 327
809 176 1182 233 ANTIQUJ‘T.
1213 176 1432 221 MEDH
1458 179 1618 222 ARV]
1888 186 1967 240 328

397 239 467 285 lia,
493 241 601 276 Anno
625 239 783 274 MCXV.
809 245 884 272 tum
910 237 1060 271 Eccxefia
1085 239 1156 271 Ro·
1196 240 1231 274 A
1272 238 1380 274 tiam.
1419 239 1546 274 Altero
1573 240 1736 287 exemplo
1763 252 1835 276 rem
1870 242 2030 278 luculen-

397 305 500 327 mana
528 292 570 326 ab
607 289 681 338 ipsa
719 289 834 323 haeres
871 287 1051 329 instituta,
1078 296 1154 322 tum

395 341 572 379 Henricus
599 340 692 376 inter
716 338 887 387 Augustos
905 339 1088 381 (ζου-ωε,
1114 337 1155 372 de

397 394 471 440 ejus
508 392 700 428 hereditate
736 398 913 423 certarunt
929 392 943 422 .’
977 386 1049 432 Ipse
1084 388 1155 421 Im-

396 453 536 493 perator
560 443 622 478 hac
646 440 687 475 de
710 439 820 474 caussa
845 438 882 473 in
904 437 1045 472 Italiam
1071 450 1155 472 con—

396 495 488 530 citus
531 491 671 530 veniens
713 489 872 524 omnium
915 486 1150 533 poffeffionem

395 544 563 593 arripuit.
603 543 661 576 An
689 540 879 588 quidquam
909 538 990 574 inde
1018 552 1153 586 recepe-

396 595 470 631 rint
491 591 682 634 Ecclefiae,
708 604 794 638 quae
820 599 875 626 tot
895 590 985 625 bona
1004 589 1040 625 in
1066 592 1154 625 Feu-

394 644 477 681 dum
503 652 563 680 aut
591 642 628 678 in
654 640 918 687 Emphyteufim
943 640 1057 676 eidem
1082 641 1154 675 Co—

395 694 571 734 mitiffae‚
599 692 738 741 ejusque
767 692 958 739 majoribus
985 691 1155 728 concesse-

392 754 494 789 rant,
532 743 695 792 equidem
735 743 895 792 ignorare
929 756 983 778 me
1019 742 1157 777 fateor.

392 796 486 832 Illud
525 804 648 830 contra
690 796 803 833 novi,
841 808 883 829 ex
927 792 1157 828 Ecclefiarum

394 846 520 886 bonis,
557 856 663 893 atque
700 859 743 881 ex
782 843 983 893 hujusmodi
1019 852 1157 879 contra·

394 896 509 933 &ibus
549 895 679 932 mirum
717 895 756 931 in
794 894 936 930 modum
964 893 1156 941 amplifica-

395 938 473 983 tam*
507 945 607 982 fuisse
634 945 797 988 Bonisana·
827 944 1048 986 Marchionis,
1084 944 1157 991 eju-

395 998 478 1047 sque
506 995 602 1033 filiae
627 995 807 1032 Matbildis
830 992 1008 1041 Comitiffae
1036 1003 1158 1043 poten-

1272 288 1343 324 tius
1371 289 1613 326 confirmatam
1643 292 1726 325 volo
1744 318 1753 334 ‚
1784 304 1907 340 nempe
1936 292 2032 329 sche-

1272 339 1375 382 dala,
1403 353 1506 388 quam
1536 355 1575 376 ex
1607 341 1799 388 pervetusta
1829 344 2030 384 membrana
2086 372 2097 381 c

1273 390 1448 426 adservata
1484 391 1520 427 in
1562 392 1722 427 Archivo
1759 393 1921 439 Capituli
1959 395 2030 429 Ca-

1273 440 1479 477 nonicorum
1515 442 1733 490 Regiensium
1767 442 1945 491 descripsi.
1975 443 2029 483 Ibi

1272 491 1512 535 recensentur,
1542 506 1629 539 quae
1666 495 1708 529 ab
1744 495 1924 542 Episcopis
1962 497 2031 530 Re-

1271 540 1441 588 gienfibus
1463 542 1594 589 jamdiu
1614 543 1706 579 idem
1729 545 1915 588 Bonifacius
1934 548 2032 580 Mar-

1271 591 1336 625 chio
1378 591 1616 629 solertiffimus
1659 594 1712 629 vir
1753 594 1813 629 fibi
1852 609 2031 642 compara-

1272 651 1348 677 rat.
1386 644 1609 690 Quamquam
1648 657 1690 678 ne
1727 644 1850 679 cunf’ta
1887 646 2030 692 quidem

1272 691 1350 727 heic
1380 702 1580 729 enumerata
1617 694 1794 729 arbitror.
1832 696 1961 732 Arcem
1996 710 2033 731 e-

1271 741 1347 777 nim
1375 744 1564 786 canossae,
1594 743 1649 779 seu
1671 744 1878 780 Canufinam
1894 774 1904 788 ‚
1926 760 2032 793 quam

1274 792 1459 828 Donizone
1480 793 1560 828 teste
1577 797 1662 828 Ano
1681 794 1748 837 ejus
1763 800 1864 830 ,Avus
1883 797 1920 831 in
1943 800 2032 832 Feu-

1271 843 1351 879 dum
1392 844 1434 878 ab
1472 844 1645 892 Episcopo
1685 844 1851 893 Regiense
1889 860 2032 893 accepe-

1271 902 1348 932 rat,
1385 893 1463 929 heic
1495 895 1766 942 praetermissam
1794 896 1924 932 viden.
1961 900 2032 933 Le-

1271 957 1353 993 gens
1376 944 1646 982 admirationem
1672 945 1838 992 contine,
1863 946 1886 982 fi
1911 957 2031 996 potes.

402 1116 563 1160 Notitia
605 1116 887 1169 Castellorum,
929 1115 1091 1159 Plebum
1108 1146 1121 1169 ,
1161 1113 1409 1165 aliorumque
1454 1112 1625 1168 jurium,
1667 1127 1768 1171 quae
1810 1112 2033 1156 Bonifacius

457 1180 553 1219 Dux
574 1178 612 1219 δε
637 1176 820 1219 Marchio
851 1175 1017 1217 Tusciae
1047 1185 1242 1230 receperat
1273 1173 1313 1214 in
1334 1173 1536 1225 Feudum,
1567 1173 1632 1215 vel
1662 1174 1702 1215 in
1727 1173 1974 1229 Emphyteu-

517 1237 589 1278 fim
609 1237 659 1278 ab
679 1234 874 1293 Episcopis
895 1234 1167 1290 Regienfibus,
1191 1231 1404 1288 conscripta
1426 1230 1579 1273 circiter
1603 1234 1765 1274 Annum
1792 1247 1915 1288 ¹070·

496 1326 626 1395 Allella
649 1352 694 1390 &⁵
721 1353 852 1395 Plehes,
878 1363 937 1398 que
962 1351 1064 1386 tenuit
1092 1353 1162 1387 Bo-
1201 1350 1245 1387 C'
1274 1360 1391 1386 tenova
1423 1363 1490 1385 cum
1524 1350 1671 1394 pluribus
1698 1348 1870 1390 Manfibus
1896 1348 2040 1383 Canoni-

522 1402 673 1439 nifacius
694 1401 859 1438 Marchio
882 1406 921 1437 de
944 1402 1095 1449 Regiensi
1116 1405 1164 1436 Ε-

395 1456 578 1503 piscopatu.
606 1454 778 1496 Castellum
801 1455 839 1487 de
864 1457 972 1487 Toano
997 1466 1064 1487 cum
1089 1453 1163 1486 Ple-

401 1507 437 1541 be
458 1504 502 1543 &
525 1506 692 1552 Capellis:
711 1504 846 1548 Capella
867 1507 906 1538 de
925 1504 1077 1548 Aquaria
1097 1517 1164 1537 cum

400 1555 591 1605 precariis:
622 1556 748 1590 Plebem
770 1555 810 1588 de
827 1552 946 1588 sanilo
967 1553 1072 1588 Virale
1097 1565 1164 1586 cum

401 1607 576 1642 domnicata
596 1619 729 1654 magno,
750 1605 793 1639 (9‘
814 1602 1004 1643 Manlibus,
1024 1601 1071 1641 &³
1088 1602 1163 1646 plu-

401 1657 489 1692 ribus
516 1658 688 1704 Capellis:
723 1658 762 1691 In
796 1654 964 1699 Bismanto
998 1654 1165 1697 Capellam

402 1708 442 1744 de
465 1707 608 1749 Bufiana
627 1721 695 1743 cum
718 1706 845 1741 decimis
869 1705 916 1744 ἔφ’
934 1703 1078 1739 omnibus
1095 1704 1166 1749 suis

399 1758 603 1806 pertinentiis
612 1773 633 1801 ;
653 1758 699 1797 &¹
719 1757 885 1800 Capellam
903 1755 943 1789 de
960 1755 1080 1789 Belelio
1099 1768 1166 1788 cum

397 1808 469 1854 suis
493 1807 721 1854 pertinentiis:
746 1806 874 1841 Plebem
897 1806 935 1838 de
958 1805 1077 1851 Ligula
1099 1818 1166 1839 cum

404 1859 579 1895 domnicato
604 1858 652 1898 &⁹
678 1856 850 1901 capellis:
883 1856 1011 1890 Plebem
1036 1858 1076 1891 de
1100 1858 1166 1890 Ca-

404 1910 532 1946 viliano
557 1922 625 1944 cum
650 1908 824 1943 domnicata
849 1920 962 1953 magno
973 1920 993 1950 ;
1027 1905 1075 1945 &⁶
1101 1910 1166 1941 Ca-

402 1961 523 2008 pellam
560 1959 677 1994 sandi
716 1958 861 2004 Prosperi
898 1968 993 2003 prope
1027 1956 1167 1998 Canufia

405 2024 473 2047 cum
499 2010 626 2044 decimis
642 2021 658 2042 .·
691 2010 858 2056 Capellam
882 2008 998 2043 Sanft't'
1023 2008 1168 2043 Martini

406 2062 441 2098 in
464 2061 577 2096 Guilia
599 2073 667 2095 cum
692 2060 885 2102 Mansibus:
910 2061 949 2094 In
973 2057 1079 2094 Dehla
1101 2061 1167 2094 Ca-

403 2112 523 2159 pellam
541 2125 637 2146 unam
656 2124 723 2145 cum
744 2110 938 2151 Manfibus:
956 2111 1043 2145 Inter
1057 2113 1145 2146 Ca..
1157 2135 1166 2145 .

408 2162 498 2199 niani
533 2164 576 2196 (9-
609 2166 756 2197 Pantano
791 2161 925 2205 Mansos
958 2162 1093 2195 decem:
1129 2163 1167 2196 In

407 2217 547 2258 Serzano
575 2211 706 2256 Mansos
733 2222 818 2247 tres:
845 2214 883 2247 In
909 2211 1018 2252 Castro
1043 2211 1167 2247 oleria-

409 2265 448 2300 m'
473 2263 640 2310 Capellam
665 2275 761 2298 unam
787 2276 853 2297 cum
881 2262 973 2297 terris
1008 2263 1095 2297 intus
1122 2261 1169 2301 ἔφ’
1209 2261 1238 2295 Ε

404 2315 484 2360 foris
498 2327 513 2348 .·
537 2313 745 2348 Medietatem
764 2315 802 2348 de
824 2314 918 2348 Plebe
940 2312 1054 2347 Sanssi
1078 2315 1168 2347 Fau-

402 2364 486 2409 stim·
505 2365 538 2399 in
560 2363 725 2401 Erbaria:
745 2365 869 2399 Plebem
887 2365 926 2397 de
948 2365 1074 2409 Carpo:
1094 2362 1168 2397 Ple·

409 2418 477 2452 bem
503 2417 540 2449 de
566 2419 663 2451 Prata
688 2427 755 2450 eum
781 2414 915 2456 Castello
928 2425 943 2446 .·
969 2414 1095 2448 Plebem
1131 2412 1169 2446 de

410 2466 659 2509 camporotondo
674 2492 685 2510 ,
719 2479 787 2500 eum
815 2463 919 2510 servis
952 2463 996 2497 (9·
1021 2462 1168 2506 ancillis,

412 2516 460 2557 φ’
475 2515 624 2565 pluribus
645 2516 836 2560 Manfibus:
854 2514 1014 2554 Decimam
1034 2516 1073 2550 de
1092 2517 1167 2551 Cor*

1272 1414 1399 1436 corum:
1426 1402 1551 1434 Plebem
1574 1403 1613 1434 de
1639 1400 1855 1442 Wardellalla
1881 1413 1948 1434 cum
1972 1402 2039 1434 Ca-

1270 1452 1355 1498 pella
1377 1451 1491 1486 Sanc‘li
1515 1450 1664 1496 Georgii,
1688 1463 1755 1484 cum
1778 1459 1897 1484 centum
1919 1448 2037 1496 juges:

1273 1503 1398 1536 Ple-bem
1424 1504 1462 1535 de
1498 1501 1648 1536 Luciaria
1674 1513 1740 1534 cum
1776 1503 1867 1534 Corte
1893 1498 1938 1538 ὅ]
1973 1502 2039 1534 Ca-

1273 1552 1397 1595 pellis:
1423 1551 1584 1586 Decimam
1611 1553 1650 1585 de
1676 1550 1875 1597 Gonziaga:
1911 1550 2038 1584 Plebem

1275 1604 1314 1636 de
1341 1601 1540 1646 Pigoniaca,
1575 1614 1642 1635 cum
1669 1602 1813 1643 Capellis
1839 1601 1882 1635 (J
1910 1599 2040 1641 Mansi-

1275 1651 1358 1686 bus:
1384 1650 1555 1693 Castellum
1582 1651 1697 1685 sanffii
1725 1650 1868 1685 Martini
1892 1652 1926 1685 in
1949 1651 2040 1686 Rio:

1275 1701 1446 1743 Castellum
1472 1705 1511 1736 de
1536 1701 1769 1748 Campaniola,
1796 1702 1877 1747 quod
1903 1702 1944 1743 el}
1971 1701 2040 1735 edi-

1268 1752 1404 1798 ficatum
1441 1752 1539 1799 supra
1566 1764 1681 1787 terram
1716 1751 1830 1786 sanHi
1866 1752 2042 1797 Prosperi;

1209 1806 1243 1839 D
1278 1803 1324 1841 &⁴
1351 1803 1517 1849 Capellam
1543 1803 1658 1838 Sanc‘li
1678 1803 1832 1837 Andreae
1850 1816 1917 1836 cum
1937 1804 2041 1836 Man-
2097 1835 2100 1838 Δ

1275 1853 1363 1896 sibus
1399 1854 1446 1891 &¹
1481 1853 1607 1900 viginti
1641 1864 1774 1898 quatuor
1808 1852 2012 1887 decimalibus
2026 1864 2043 1886 .-

1281 1903 1326 1943 ἴθ’
1353 1904 1454 1940 aliam
1491 1907 1653 1939 Decimam
1689 1903 1723 1937 in
1760 1903 1951 1938 Budrione:
1985 1902 2046 1938 Pi-

1275 1954 1411 2000 scariam
1431 1955 1469 1989 de
1490 1955 1637 1998 Razolo,
1665 1968 1732 1988 cum
1751 1956 1843 1989 terris
1865 1955 1907 1988 (9⁶
1931 1963 2041 2001 porto,

1282 2006 1338 2052 qui
1364 2006 1481 2040 dicitur
1507 2005 1659 2049 Trifoso:
1685 2006 1729 2040 (3·
1755 2006 1789 2040 in
1815 2005 1940 2040 Palude
1964 2006 2042 2037 Cor-

1282 2066 1344 2090 tcm
1369 2058 1408 2090 de
1435 2059 1585 2091 Bondeno
1598 2069 1617 2099 ;
1645 2055 1691 2094 &²
1722 2059 1845 2090 Cortem
1872 2060 1911 2089 de
1936 2058 2041 2089 Ronco

1283 2107 1452 2153 Episcopi,
1487 2120 1581 2152 quam
1606 2120 1643 2140 ex
1675 2116 1766 2149 parre
1791 2108 1876 2140 Ano
1909 2105 1948 2137 de
1974 2105 2041 2137 Ca·

1283 2156 1373 2198 nufia
1405 2168 1460 2203 per
1488 2155 1683 2191 Precariam
1711 2155 1838 2194 tenuit,
1875 2152 1921 2191 ῤ’
1957 2153 2040 2188 alte-

1282 2220 1350 2242 ram
1388 2205 1528 2246 invasit.
1572 2206 1660 2240 Unde
1697 2206 1793 2238 etiam
1833 2204 2042 2238 Cilianellum

1282 2258 1365 2292 idem
1384 2261 1468 2292 Atto
1487 2254 1642 2295 Ecclesiae
1658 2254 1818 2300 proprium
1837 2255 1948 2296 dedit,
1976 2257 2043 2289 Bo-

1282 2307 1416 2351 „isacius
1453 2305 1557 2354 postea
1591 2305 1739 2342 Ardoino
1778 2304 1935 2350 Gandulfi
1967 2304 2044 2350 filio

1279 2369 1335 2407 per
1371 2357 1529 2404 proprium
1570 2357 1683 2392 dedit:
1721 2358 1888 2402 Capellam
1927 2355 2044 2390 sanila·

1282 2409 1435 2447 Andreae
1454 2409 1488 2443 in
1505 2409 1654 2444 Gabiana
1672 2422 1738 2443 eum
1758 2408 1917 2443 duodecim
1936 2408 2040 2441 Man-

1279 2460 1389 2502 fibus:
1415 2461 1541 2496 Plebem
1570 2459 1706 2496 sanehe
1732 2459 1862 2494 Mariae
1898 2459 1932 2493 in
1969 2455 2041 2490 Vil-

1281 2513 1389 2558 lulae,
1422 2511 1467 2548 (9¹
1500 2525 1619 2548 omnem
1652 2511 1815 2549 Decimam
1838 2513 1878 2548 de
1903 2505 2039 2591 clustel-

1945 2568 1991 2592 o:
