2232 3089
271 214 353 256 599
596 192 1452 244 FRAGMENTA;
1697 203 1783 240 600

213 257 299 301 che,
327 263 429 292 tanto
455 255 636 305 foraggio,
661 268 680 291 e
707 264 808 292 tanto
839 255 974 292 arnese.
1011 263 1040 297 Α
1084 256 1180 303 equi,
1206 255 1306 298 muli,
1333 253 1438 300 alini,
1465 253 1597 294 cameli,
1624 246 1778 299 te‘ntona,
1805 250 1854 289 00⁷-

211 308 340 344 Estima
368 317 404 343 tu
428 316 560 355 quanta
586 307 621 342 fo
645 307 678 342 la
702 305 817 342 iente.
846 310 902 344 Lo
926 309 974 342 Re
1091 318 1226 353 nepueu,
1268 306 1450 346 vic‘lualia,
1488 305 1534 344 &
1559 306 1735 348 ‚aliarum
1754 314 1855 342 rerunt

211 357 371 395 Alfonzo
399 358 486 394 habe
515 360 550 395 10
585 357 814 406 Paviglione.
850 361 974 394 Havea
1090 362 1195 401 copia.
1224 362 1313 393 Potes
1341 372 1357 392 o
1386 356 1496 392 LecJor
1525 358 1595 391 hmo
1631 357 1855 404 recognoscere,

211 422 317 445 nome
353 411 533 454 Alsanicb.
568 409 761 445 Treciento
798 423 974 445 cammore
1091 421 1224 455 quantus
1255 410 1416 457 qualisque
1438 408 1538 452 suerit
1570 412 1791 442 saracenorum
1819 410 1855 443 in

211 460 344 497 havea.
371 463 436 496 Era
464 461 505 496 de
531 473 644 508 panno
670 461 711 497 de
738 462 836 506 lino,
862 472 971 497 attor·
1090 461 1222 494 exercitu
1267 461 1322 494 illo
1363 461 1491 506 populus
1511 486 1518 494 .
1562 460 1648 502 Regi
1688 460 1855 506 A'phonso

211 511 311 547 niaro
338 512 379 547 de
407 525 545 548 corame
571 511 684 547 roscio
711 526 774 548 con
804 512 906 548 corde
933 513 974 548 de
1091 511 1205 555 obtigit
1241 512 1408 545 tentorium
1444 511 1566 557 regale.
1595 509 1765 546 Alfanich
1796 524 1856 545 vo-

211 560 282 597 sera
307 562 525 598 invernicate
546 562 694 599 d’aoro‚
719 563 797 600 Mai
826 577 894 599 non
917 564 972 598 be-
1091 559 1238 596 cubatur.
1274 565 1423 597 Trecenta
1458 563 1598 597 cubicula
1633 563 1855 604 complec‘leba-

209 611 293 648 desti
321 615 365 649 ῃὲ
395 614 456 662 pitu
492 614 677 658 mirabile,
706 616 747 650 ηὲ
787 615 846 663 ρὶὺ
885 615 974 650 bella
1032 626 1037 628 ·
1091 621 1162 646 tur.
1190 612 1276 646 Telis
1314 613 1408 646 lineis
1432 613 1665 657 fabrefal‘lum,
1693 613 1771 648 corio
1799 626 1854 647 ru-

209 662 307 698 cosa.
337 666 393 700 Ne
419 665 457 699 10
495 664 633 712 fastigio
660 665 701 700 de
738 665 836 713 sopra
872 665 914 700 da
942 665 975 700 la
1092 664 1144 697 beo
1170 663 1307 710 unquue
1334 663 1555 698 circumdatum
1582 675 1649 698 erat
1675 678 1741 698 cum
1769 664 1856 698 chor-

209 724 308 760 parte
344 714 387 749 de
423 713 497 749 fora
534 724 630 750 tutto
671 715 762 751 stava
801 715 918 763 puosto
956 727 974 749 a
1017 719 1045 754 Β
1089 714 1174 747 dulis
1207 713 1313 758 sericis
1356 716 1450 749 aure-a*
1485 716 1687 759 sandaracha
1735 716 1854 752 illitis.

209 765 332 800 Lune.
350 767 485 798 Drento
505 765 547 799 de
567 765 716 800 divierzi
739 765 871 800 colori.
892 767 973 799 Non
1090 765 1330 799 Admirabih'us
1365 766 1594 812 elegantiusque
1622 767 1669 800 ml
1704 768 1796 800 aliud
1822 779 1856 801 eo

209 813 243 848 se
258 824 341 860 pote
358 815 478 860 quello
493 814 670 848 lavoriero
684 816 968 848 contare.Dren-
1089 813 1239 859 vidiffes.
1268 817 1306 850 In
1338 816 1488 861 superiori
1511 815 1692 859 summitate
1728 816 1858 852 tentorii

207 870 247 897 to
273 862 315 897 de
341 865 378 897 10
404 862 574 897 Altanich
601 862 638 897 fo
660 873 799 898 trovata
827 864 860 898 la
890 861 972 898 Rei-
1089 866 1121 898 in
1150 866 1292 899 exteriori
1316 877 1407 912 parte
1433 877 1530 901 totum
1556 869 1692 902 Lunulis
1715 866 1856 914 consper-

207 925 254 948 na
282 912 481 949 Riccaforta
519 924 657 949 muorta
687 928 727 962 pe
757 913 972 958 Garcilaffo,
1081 916 1152 958 sum
1179 916 1379 951 cernebatur.
1406 919 1496 951 Intus
1521 918 1640 958 diversi
1663 920 1769 952 colores
1795 929 1857 963 ap-

211 976 314 1000 como
339 964 433 1000 ditio
459 978 541 1000 ene.
566 966 619 1000 La
645 967 748 1012 quale
777 965 812 1000 fo
839 978 969 1000 vennu-
1085 963 1263 1012 parebant.
1290 968 1433 999 Ternarii
1463 967 1598 1011 ejusdem
1628 968 1783 1013 opificium
1812 970 1857 1003 (9⁴

210 1023 247 1049 ra
275 1014 316 1050 ad
348 1013 395 1049 fio
423 1015 553 1049 marito
591 1016 705 1052 moiro
741 1030 848 1060 aoro,
876 1016 973 1051 inza-
1088 1016 1248 1062 elegantia
1277 1015 1426 1059 distincfffe
1453 1017 1584 1059 describi
1611 1020 1738 1063 nequit.
1767 1020 1858 1053 Intra

211 1065 283 1100 lata
311 1062 445 1100 ifiruna
483 1063 589 1099 caffa.
621 1064 680 1099 Ρο’
698 1079 735 1100 ce
762 1066 864 1101 fuoro
901 1075 971 1101 tro·
1087 1067 1247 1111 Alfanicb
1284 1066 1417 1101 inventa
1439 1067 1529 1111 fuit,
1558 1078 1593 1102 ut
1616 1069 1714 1114 supra
1749 1069 1860 1103 memi—

213 1116 289 1150 vati
313 1115 341 1150 li
367 1114 494 1151 tesauri
522 1115 669 1163 Regali,
689 1116 722 1151 la
748 1125 872 1163 quarta
899 1130 975 1162 par-
1089 1119 1214 1162 nimus,
1242 1119 1373 1164 Regina
1409 1119 1598 1162 Riecafortis
1636 1133 1656 1154 a
1687 1118 1859 1165 Garcilaffo

211 1174 268 1206 te,
296 1165 359 1201 cha
395 1167 429 1202 le
465 1175 518 1202 tre
553 1165 654 1201 fuoro
692 1165 824 1202 furate.
859 1168 976 1202 Erano
1011 1172 1046 1210 C
1089 1169 1241 1215 confossa.
1279 1170 1424 1215 Reginae
1466 1173 1603 1205 cadaver
1639 1171 1752 1204 marito
1788 1171 1860 1206 Al-

208 1217 311 1252 mille
338 1230 356 1253 e
383 1217 566 1253 doiciento
596 1217 706 1261 muli,
735 1217 798 1253 che
836 1227 977 1264 portato
1088 1221 1219 1264 phonJus
1249 1221 1344 1254 multi
1369 1222 1440 1255 auri
1465 1222 1567 1267 pretio
1593 1221 1767 1265 vendidit,
1791 1222 1860 1265 sale

210 1267 344 1315 quelli,
373 1282 392 1304 e
429 1268 530 1304 fuoro
568 1267 733 1317 Doppie.
769 1271 797 1304 E
836 1268 977 1304 diffeme
1091 1271 1124 1303 in
1158 1272 1249 1314 capsa
1285 1272 1465 1306 conditum.
1504 1273 1729 1316 Thesauvorum
1767 1285 1860 1319 rega-

213 1318 271 1355 chi
309 1319 343 1354 le
381 1319 482 1363 bide,
510 1333 529 1355 e
565 1320 622 1355 chi
659 1321 691 1354 le
728 1318 886 1365 despese‚
915 1318 977 1354 che
1092 1319 1193 1359 lium,
1220 1320 1275 1366 qui
1302 1319 1336 1352 in
1363 1321 1470 1361 castris
1490 1322 1577 1363 fuere
1605 1324 1738 1368 reperti,
1763 1335 1860 1370 quar-

213 1370 331 1416 quelle
368 1370 510 1419 Doppie
545 1384 650 1407 erano
686 1370 834 1406 d’aoro.
860 1371 977 1405 Erano
1091 1380 1125 1404 ta
1151 1381 1249 1414 pars,
1278 1369 1379 1403 tribus
1415 1369 1483 1413 jam
1516 1371 1602 1413 surm
1640 1375 1760 1419 raptis,
1789 1373 1862 1408 Al.

211 1419 251 1456 in
276 1419 387 1455 forma
413 1423 454 1456 de
482 1421 638 1468 piattelli
662 1421 704 1457 de
729 1421 888 1463 arient0‚
916 1434 977 1469 po-
1087 1421 1204 1468 phonso
1226 1419 1313 1467 Regi
1333 1420 1432 1465 ceffit.
1454 1421 1553 1454 Mille
1576 1435 1613 1456 ac
1633 1424 1758 1457 ducenti
1779 1423 1861 1459 muli

213 1483 255 1506 co
285 1483 409 1515 meno,
438 1471 500 1506 che
528 1472 562 1507 le
590 1473 718 1521 patelle
745 1472 786 1508 de
814 1472 850 1507 10
874 1471 978 1508 Cali-
1091 1473 1210 1507 onerati
1245 1472 1400 1511 thesauros
1436 1471 1597 1513 tulerunt,
1633 1474 1687 1517 qui
1724 1474 1860 1508 nummis

214 1534 252 1557 te
288 1525 330 1556 de
370 1523 409 1557 10
444 1521 592 1559 Aitare.
629 1526 733 1559 Anco
769 1522 820 1558 fra
857 1524 978 1571 quello
1091 1523 1194 1557 aureis
1219 1523 1398 1566 duplicibus
1423 1521 1600 1564 constitere.
1625 1524 1695 1570 ‚Qui
1723 1534 1861 1559 monetas

213 1571 349 1607 tesauro
385 1571 421 1608 fo
459 1582 597 1609 trovata
635 1575 668 1609 la
704 1576 830 1610 lettera
867 1575 908 1610 de
944 1575 978 1609 la
1091 1573 1212 1618 easdem
1248 1572 1359 1615 vidit,
1388 1583 1481 1619 atque
1517 1577 1685 1620 expendit,
1713 1575 1791 1609 mihi
1826 1588 1862 1609 e-

211 1621 462 1672 Innulg‹nria‚
497 1625 531 1660 la
567 1625 670 1673 quale
708 1625 817 1661 havea
854 1638 976 1661 conce
1002 1632 1051 1666 {D
1092 1624 1264 1667 narravit,
1292 1636 1343 1658 eas
1379 1637 1415 1658 ex
1451 1637 1526 1658 auro
1561 1626 1715 1671 conflatas
1746 1624 1862 1672 suiffe.

213 1674 296 1709 duta
335 1677 410 1710 loro
442 1676 478 1710 10
515 1689 645 1724 granne
682 1678 794 1726 Papa.
832 1676 981 1712 Galliffa
1092 1678 1131 1711 In
1159 1677 1281 1710 modum
1307 1686 1524 1721 argentearum
1550 1687 1751 1723 paterarum,
1776 1689 1861 1724 pau-

214 1725 256 1761 de
285 1726 328 1760 Β
336 1726 436 1762 Ιάειὴ
466 1726 575 1763 havea
602 1741 728 1764 nome.
753 1730 809 1764 Ne
836 1729 869 1763 la
894 1741 978 1776 qua·
1092 1728 1122 1761 lo
1148 1728 1253 1762 minus
1274 1743 1294 1762 a
1317 1728 1435 1772 pateris
1459 1727 1588 1761 calicum
1612 1728 1769 1771 Asturis,
1789 1726 1861 1772 for-⁴

213 1777 246 1813 le
276 1789 468 1823 promettea
497 1793 515 1814 a
545 1779 600 1814 chi
631 1779 768 1815 motiva
796 1780 834 1814 in
861 1778 979 1827 quefl‘o
1093 1781 1147 1813 mk
1173 1779 1215 1812 (9⁶
1242 1778 1463 1826 magnitudine
1488 1779 1645 1819 absimiles
1670 1790 1783 1814 erant.
1805 1781 1863 1813 In-

214 1829 342 1874 paffaio
363 1831 397 1864 la
423 1830 653 1865 resurretione
676 1844 695 1865 a
720 1832 757 1865 10
781 1840 880 1866 terzo
902 1831 979 1865 die.
1094 1840 1140 1863 ter
1165 1840 1267 1865 cetera
1300 1830 1439 1873 thesauri
1465 1829 1556 1862 illius
1597 1830 1786 1863 invenerunt
1813 1831 1864 1863 E-

214 1877 515 1927 Po'promette'va
543 1879 631 1915 ferte
655 1881 818 1929 moglieri
847 1880 980 1930 virgini
1091 1880 1237 1926 piliolum
1279 1879 1524 1927 Indulgentiae,
1562 1893 1654 1927 quam
1697 1879 1865 1914 Saracenis

213 1943 257 1967 ne
285 1932 321 1966 10
349 1931 446 1967 santo
478 1931 661 1968 paradiso.
692 1931 794 1968 Po'li
823 1942 978 1979 promet·
1090 1932 1230 1976 summus
1256 1945 1357 1967 eorum
1389 1930 1538 1975 Pontifex
1573 1929 1768 1976 concefferat.
1798 1933 1866 1964 Ca-

213 1991 295 2019 teva
335 1983 371 2018 di
413 1982 494 2018 farli
535 1982 617 2019 stare
655 1984 871 2020 avvracciati
914 1997 980 2019 con
1095 1984 1186 2029 lipba
1211 1985 1250 2018 de
1280 1983 1427 2018 Baldach
1452 1982 1699 2029 appellabatur.
1731 1984 1769 2017 In
1797 1981 1867 2027 ipsa

214 2034 313 2070 santo
342 2035 565 2070 Macometto
590 2048 610 2069 e
633 2048 698 2070 con
727 2034 824 2070 santo
847 2035 981 2070 Elima-
1096 2034 1240 2080 Epistola
1267 2035 1294 2069 is
1321 2034 1606 2078 transfretantibus
1635 2044 1744 2068 contra
1769 2032 1868 2067 Chri-

213 2084 298 2120 son.
338 2085 399 2120 Ρο’
419 2086 445 2120 li
484 2095 705 2134 prometteva
742 2085 778 2121 di
811 2085 982 2121 satollarli
1023 2092 1053 2126 Ε
1088 2085 1230 2130 stiam,
1268 2086 1430 2120 morituris
1466 2085 1523 2119 hac
1558 2084 1728 2125 occasione,
1763 2095 1869 2130 eorpo-

214 2135 252 2171 di
288 2136 399 2175 latte,
428 2136 471 2170 de
508 2136 642 2181 cascia,
675 2150 693 2172 e
730 2137 771 2172 de
810 2135 928 2172 butiro
965 2149 984 2172 e
1095 2150 1165 2175 rum
1191 2135 1445 2182 resurreHionem
1470 2135 1538 2178 post
1564 2135 1707 2168 triduum
1737 2135 1869 2180 pollice-

218 2187 260 2222 de
286 2188 399 2222 mele.
429 2189 544 2223 Erano
581 2188 695 2235 quesse
723 2189 756 2223 le
787 2186 979 2236 promiffio
1096 2189 1210 2223 batur.
1237 2188 1420 2231 Spondebat
1446 2187 1541 2219 etiam
1566 2185 1707 2230 Calipba
1733 2182 1868 2231 deceffia-
1912 2212 1916 2214 a

218 2235 257 2272 ni
281 2236 322 2272 de
345 2239 381 2273 10
407 2239 558 2275 soldano
585 2240 714 2275 Gahffa
742 2240 782 2275 de
809 2238 983 2275 Baldach.
1096 2239 1139 2272 ris
1163 2239 1282 2281 septem
1308 2249 1415 2271 uxores
1441 2237 1586 2283 virgines
1613 2236 1647 2270 in
1672 2235 1782 2279 sancio
1806 2247 1869 2280 pa-

218 2285 260 2324 In
291 2287 346 2323 soa
381 2290 506 2326 lettera
538 2290 594 2339 po'
609 2304 890 2334 commannava,
919 2289 984 2325 cha
1096 2289 1218 2333 vadiso.
1257 2290 1334 2323 Item
1367 2289 1453 2332 spem
1487 2290 1586 2322 dabat
1622 2287 1781 2329 obituris,
1819 2298 1869 2320 eos

217 2346 314 2374 tutta
351 2339 614 2378 Christianitate
652 2340 928 2380 sterminaffino,
964 2353 984 2376 e
1097 2353 1164 2374 cum
1198 2338 1310 2384 [amsla
1346 2340 1541 2374 Mahommo
1576 2338 1623 2377 &⁸
1659 2352 1726 2373 tum
1761 2336 1868 2380 [θ’θ’

220 2389 442 2436 occupaffino
475 2394 513 2428 lo
552 2407 706 2430 munno.
743 2395 846 2430 Anco
883 2405 920 2428 ce
948 2391 984 2427 fo
1098 2391 1264 2435 Elimalou
1299 2391 1404 2426 vitam
1446 2391 1480 2425 in
1516 2390 1713 2439 amplexibus
1742 2387 1867 2433 jugit&

222 2449 366 2477 trovato
393 2441 431 2476 in
459 2445 574 2490 quella
603 2445 774 2482 Alfanich
811 2457 907 2481 arme
933 2441 980 2478 as-
1071 2441 1160 2493 fore
1185 2441 1406 2478 traduaeuros.
1435 2442 1563 2489 Insuper
1580 2441 1684 2488 fldem
1715 2439 1804 2481 suam
1829 2450 1865 2470 ο·-

223 2491 297 2540 sai,
335 2491 576 2543 guarnimenti
618 2496 746 2547 Regali
786 2496 868 2584 deT
878 2492 985 2542 panni
1072 2494 1242 2543 hligabat
1281 2494 1473 2539 saracenis,
1513 2495 1569 2542 qui
1607 2506 1623 2527 o
1624 2487 1749 2536 biiffent
1765 2512 1776 2527 ‚
1812 2498 1862 2522 eu

870 2559 925 2583 at-
1147 2574 1152 2577 ,
1194 2574 1199 2578 .
1757 2551 1811 2575 w-
