2232 3089
205 158 259 197 77

472 139 842 183 Dis‘SE'RTATJO
876 137 1355 195 TRAEGE-fftMAQUAR
1367 140 1438 180 ΓΑ
1450 170 1462 182 .

1673 147 1724 197 ¹353

134 201 291 245 firorum,
321 210 415 247 atque
446 200 505 244 sub
535 199 724 245 gravr'ffima
753 199 901 245 indigna·
932 202 976 246 {A
1025 199 1194 234 XXVIII.
1218 198 1341 234 Mense
1362 197 1466 242 Junio
1488 200 1688 237 decurrebat
1709 208 1788 237 Aa·

140 253 224 287 tione
241 252 379 299 predifft
399 250 588 296 dileffrffi‘mi
600 249 672 294 filii
692 250 786 292 nostri
807 253 905 285 Dom-

143 304 178 339 ni
203 304 353 339 Lotharii
378 301 574 346 Imperatoris
594 300 756 348 Augusti,
782 302 824 335 (9⁶
851 315 903 335 no-

137 355 235 398 stram
259 354 417 398 casurum,
441 351 487 390 &⁶
509 352 568 396 sub
591 352 802 388 anathematis
827 352 903 386 vin-

140 407 207 441 culo
234 406 495 451 dampnaturum.
526 404 675 451 Insuper,
702 402 763 443 nisi
789 418 809 439 a
835 417 903 438 ma—

141 457 171 491 lo
197 455 376 502 resipuerit,
407 453 490 498 sciat
513 454 546 498 se
572 454 806 500 compositurum
834 453 906 490 auri
930 483 932 486 ,

140 506 252 551 optimi
286 504 434 539 mulHam
464 506 642 550 Mam-oscos
677 509 739 540 cluo
775 506 903 549 millia,

139 556 335 590 medietatem
362 557 461 598 nostro
481 556 569 600 sacro
594 557 740 596 Palatio,
766 556 812 595 &
840 570 899 591 me-

137 607 287 641 dietatem
322 606 533 653 suprascripto
575 607 766 649 Monasterio
784 634 793 643 .
833 607 905 653 Qui
928 633 931 655 1

137 660 211 691 υενὸ
235 668 292 703 pro
319 657 440 690 intuitu
467 657 562 698 custos
589 657 634 695 &
661 658 839 698 observator
868 659 902 691 in

137 708 280 742 omnibus
304 706 466 749 extiterit,
492 705 719 741 benedicf‘t'ionis
740 707 905 754 graciam,

138 758 303 803 vitamque
339 767 477 791 eternam
513 771 580 791 cum
606 759 749 792 omnibus
774 757 905 793 San-‘lis

133 808 203 851 fine
231 807 304 853 fine
333 819 486 842 mereatur
511 808 623 843 habere
650 809 685 843 in
717 808 822 854 secula
853 809 905 854 se—

139 860 296 894 rulorum.
323 861 452 894 A'men.

187 910 314 956 Scripta
337 920 392 953 per
415 923 526 945 manus
546 910 693 958 Gregorii
712 910 903 956 Protofirin-

138 960 258 999 niarii,
287 960 485 995 Patriarcbio
512 961 737 1003 Lateranensi.

190 1014 311 1046 Datum
339 1015 437 1046 Rome
465 1014 540 1047 XII.
571 1013 738 1048 Kalendas
764 1012 904 1059 Julius,

137 1066 239 1098 Anno
264 1061 402 1106 ejusdem
428 1063 520 1097 Sedis
549 1065 679 1108 Primo,
707 1063 754 1102 ἐφ’
784 1067 926 1099 Damno]

135 1112 286 1149 Lothario
311 1115 473 1159 secundo,
501 1113 681 1150 Indiblione
706 1115 834 1150 ossava

153 1217 285 1363 {B
311 1286 495 1341 BENE
521 1289 804 1344 VALETE

189 1417 413 1452 Memoratur
432 1414 510 1450 heic
530 1413 679 1449 Gablano
702 1416 785 1450 inter
804 1419 904 1452 Clau-

138 1468 195 1503 dia
221 1467 268 1506 (φ’
303 1470 436 1507 Strata,
463 1465 569 1513 idque
596 1465 634 1500 in
672 1479 756 1515 agro
785 1468 901 1503 Bono»

138 1517 270 1554 nieni‘i.
298 1517 428 1553 Nescio
455 1530 498 1552 an
535 1515 729 1565 quidquam
757 1518 807 1554 rei
837 1518 903 1554 hoc
926 1531 929 1572 J

945 655 973 689 B

934 1108 968 1145 C

140 1568 266 1604 habeat
293 1581 372 1603 cum
402 1569 463 1603 Via
489 1568 652 1608 Claudia,
680 1582 751 1615 quo
786 1570 901 1607 nomi·
937 1571 970 1605 D

138 1632 180 1655 ne
207 1633 226 1654 a
254 1618 378 1655 multis
405 1618 538 1655 Seculis
566 1621 763 1668 appellatur
794 1621 903 1669 Regia

137 1670 206 1706 via
220 1698 230 1714 ,
251 1683 338 1718 quae
360 1683 419 1718 per
435 1668 618 1706 Mutinam
639 1670 739 1706 ducit
759 1671 799 1707 ad
825 1674 901 1708 Pla-

136 1721 317 1757 centinos.
355 1723 396 1757 In
435 1720 654 1770 praecedenti
682 1721 819 1759 Charta
849 1724 898 1760 le-

136 1771 232 1821 gitur
259 1773 341 1807 inm
367 1772 483 1808 Clodia
506 1772 553 1812 όν
580 1776 712 1809 Strata.
739 1777 836 1812 Haec
862 1788 897 1811 o-

137 1824 249 1859 biter.
275 1824 382 1871 Quod
412 1823 491 1860 heic
528 1837 585 1860 me
611 1825 813 1870 excruciat,
843 1839 900 1862 co-

137 1887 201 1923 gor
225 1886 342 1924 aperte
369 1875 506 1919 dicere,
531 1885 590 1912 tot
615 1876 708 1913 vitia
732 1877 901 1913 conveni-

137 1939 174 1961 re
201 1925 238 1961 in
266 1926 368 1974 hujus
394 1926 516 1962 Bullae
543 1935 706 1972 textum,
734 1937 774 1964 ut
801 1928 900 1963 iliam

137 1989 243 2012 nemo
280 1978 334 2013 uti
361 1978 560 2025 legitimam
600 1991 750 2014 mercem
784 1978 824 2015 fit
851 1979 898 2015 fa—

137 2027 206 2063 cile
234 2027 470 2076 suscepturus.
502 2031 592 2064 Nam
632 2038 767 2077 praeter
796 2030 899 2066 diffo-

137 2078 297 2114 nantiam
326 2079 420 2115 inter
450 2078 520 2114 duo
546 2080 611 2115 illa
648 2081 752 2116 unius
780 2082 902 2117 Bullae

136 2131 299 2178 exempla
334 2129 610 2179 deprehensam,
648 2141 785 2178 praeter
819 2132 897 2167 affe—

136 2179 267 2217 statam
298 2182 516 2217 mentionem
555 2181 739 2229 Sepulcri,
766 2183 802 2218 in
832 2197 903 2230 quo

138 2231 311 2279 depositus
346 2232 479 2268 dicitur
513 2233 662 2279 opilius,
692 2232 761 2269 five
797 2235 904 2279 Opilio

91 2294 97 2299 ·
139 2283 296 2318 Patricius
322 2288 557 2323 Romanorum,
581 2282 618 2320 &
646 2294 783 2332 praeter
808 2286 902 2328 alia,

142 2342 231 2376 quae
257 2334 412 2382 persequi
440 2347 511 2369 non
538 2333 584 2369 est
619 2334 780 2370 animus:
809 2335 904 2372 inter

141 2380 422 2430 Chronologicas
450 2387 564 2421 Notas
590 2384 811 2422 intoleranda
840 2400 900 2434 pu—

142 2444 211 2479 gna
238 2432 436 2480 consurgit,
461 2448 567 2483 quam
597 2437 726 2473 tollere
752 2450 793 2471 ne
819 2451 901 2473 acu-

142 2481 293 2520 xiffimus
314 2483 456 2532 quidem
476 2485 601 2533 poffit.
617 2488 729 2537 Anno
748 2489 902 2524 DCCC-

1022 263 1080 283 nus
1113 253 1239 284 Prtmus
1276 249 1440 298 Gregorii
1481 252 1545 287 IV.
1575 253 1703 300 Papae.
1745 256 1785 288 In

1021 313 1099 336 eum
1139 302 1284 336 Annum
1327 301 1477 337 minime
1517 302 1613 338 cadit
1651 304 1787 337 IndiHio

1019 352 1164 391 Οὲἲαυα,
1194 351 1247 387 sed
1275 350 1418 400 quidem
1447 356 1563 389 sexta.
1598 355 1644 389 Et
1671 353 1784 390 rursus

1020 401 1145 451 scripta
1168 402 1252 438 haec
1271 404 1439 440 dicuntur
1458 408 1560 439 Anno
1580 407 1699 440 Domno
1720 409 1784 440 Lo-

1017 453 1140 493 thario‚
1170 468 1231 501 pro
1269 455 1388 490 Domni
1422 455 1589 498 Lotbarit'‚
1621 459 1781 502 Secundo,

1016 517 1104 551 quae
1132 504 1259 540 vitiosa
1289 505 1440 541 formula
1469 507 1692 552 Apostolicae
1721 509 1780 542 Se-

1015 555 1066 590 dis
1084 555 1345 592 Cancellariam
1365 570 1434 592 non
1454 558 1539 593 bene
1556 559 1651 601 olet,
1669 571 1778 606 quum

1014 604 1065 640 ibi
1094 606 1245 641 Latinae
1274 607 1434 656 Linguae
1460 618 1565 655 atque
1592 611 1779 644 Gramma-

1013 655 1104 691 ricae
1141 656 1255 691 honor
1295 657 1427 706 aliquis
1463 658 1596 706 semper
1637 658 1778 694 habitus

1013 705 1137 742 fuerit.
1177 709 1357 744 Praeterea
1384 718 1482 744 extra
1519 722 1660 745 omnem
1693 722 1779 745 con-

1011 757 1211 793 troverfiam
1234 759 1300 802 est,
1322 759 1534 795 Lotharium
1560 762 1587 795 1.
1607 773 1776 796 coronam

1010 821 1048 843 ac
1077 821 1206 844 nomen
1246 810 1443 854 Imperiaiis
1480 810 1668 859 dignitatis
1704 813 1777 846 Ro-

1010 871 1086 894 mae
1107 860 1272 907 accepisse
1293 863 1400 895 Anno
1422 863 1691 897 DCCCXXIII.
1710 863 1776 897 Er-

1009 922 1055 958 go
1083 911 1207 945 Annus
1238 911 1413 947 Secundus
1450 912 1522 960 ejus
1562 911 1706 960 Imperii
1735 911 1775 948 in

1010 963 1155 997 Annum
1182 963 1338 998 Primum
1365 963 1528 1010 Gregorii
1559 965 1620 998 1V.
1642 962 1709 999 five
1734 962 1774 998 in

1009 1013 1156 1048 Annum
1194 1013 1325 1049 Christi
1367 1015 1675 1049 DCLCXXVIII.
1712 1026 1775 1049 ne-

1008 1076 1181 1112 quaquam
1228 1063 1421 1100 convenit.
1465 1065 1594 1107 Adde,
1637 1065 1774 1101 nullam

1009 1115 1228 1151 mentionem
1257 1115 1332 1152 fieri
1359 1115 1540 1152 Ludovici
1566 1115 1622 1152 Pii
1647 1118 1774 1164 Augu-

1008 1165 1045 1201 sti
1063 1166 1270 1212 imperantis
1287 1180 1365 1202 cum
1385 1166 1463 1202 filio
1475 1194 1484 1203 .
1503 1168 1543 1203 In
1560 1166 1639 1202 aliis
1655 1166 1774 1203 Char-

1008 1216 1052 1251 tis
1075 1217 1147 1264 ejus
1168 1230 1296 1253 nomen
1319 1217 1505 1266 praeterire
1527 1217 1675 1253 minime
1696 1230 1773 1253 mos

1008 1266 1096 1302 fuit.
1127 1268 1289 1303 Fortaffis
1318 1268 1426 1304 etiam
1456 1269 1618 1304 abhorret
1643 1269 1686 1304 ab
1713 1282 1775 1304 eo-

1008 1330 1085 1353 rum
1127 1327 1326 1364 temporum
1369 1318 1619 1354 consuetudine
1660 1320 1773 1354 multa

1008 1370 1138 1402 duorum
1166 1369 1304 1403 millium
1341 1369 1563 1413 Mancusorum
1590 1369 1663 1403 auri
1688 1369 1773 1416 opti-

1009 1418 1077 1459 mi,
1106 1419 1202 1465 cujus
1232 1418 1400 1453 medietas
1438 1418 1664 1466 persolvenda
1700 1428 1776 1454 erat

1009 1467 1107 1508 nostro
1128 1468 1215 1511 sacro
1250 1468 1399 1506 Palatio,
1427 1482 1535 1516 quum
1572 1469 1614 1504 de
1643 1471 1774 1504 Mona-

1008 1516 1110 1553 sterio
1139 1525 1298 1566 ageretur
1325 1527 1422 1554 extra
1451 1518 1536 1554 fines
1563 1519 1774 1556 Pontificiae

1008 1568 1157 1604 ditionis
1196 1567 1330 1616 posito,
1357 1570 1390 1604 8<
1431 1568 1621 1618 poffidente
1653 1580 1708 1607 tot
1734 1584 1773 1606 a-

1007 1620 1076 1656 lios
1113 1619 1261 1660 fundos,
1299 1620 1447 1657 minime
1483 1621 1520 1657 in
1558 1620 1771 1658 Bononiensi

1008 1685 1090 1721 agro
1131 1670 1421 1720 comprehensos.
1461 1673 1559 1707 Haec
1600 1670 1638 1709 ἃ
1679 1672 1771 1712 alia,

1007 1736 1095 1770 quae
1122 1723 1217 1758 abire
1245 1721 1433 1758 insalutata
1463 1723 1567 1762 volo,
1595 1723 1685 1771 apud
1714 1736 1772 1759 me

1007 1774 1108 1822 hujus
1137 1773 1244 1809 etiam
1274 1773 1397 1808 Bullae
1425 1771 1529 1808 fidem
1557 1772 1678 1809 saltem
1707 1774 1773 1809 du-

1007 1826 1102 1861 biam
1131 1824 1287 1860 faciunt.
1327 1825 1451 1872 Neque
1478 1833 1597 1861 tamen
1633 1823 1773 1860 inficias

1008 1875 1134 1918 ierim,
1162 1875 1250 1923 quin
1279 1875 1444 1911 Patavini
1472 1874 1615 1924 infignis
1640 1874 1775 1912 Mona-

1007 1926 1099 1963 sterii
1128 1927 1273 1974 antiqua
1303 1926 1458 1974 potuerit
1485 1926 1550 1962 effe
1573 1925 1697 1975 origo,
1720 1925 1775 1963 ei-

1007 1992 1075 2026 que
1103 1979 1214 2014 multa
1252 1976 1449 2013 concessisse
1485 1977 1643 2026 potuerit
1668 1977 1775 2024 Opilio

1008 2029 1160 2078 aliquis,
1188 2027 1241 2064 uti
1270 2037 1363 2064 certe
1389 2028 1489 2064 Abho
1514 2028 1657 2076 quidam
1686 2030 1775 2065 Mo-

1009 2080 1146 2116 nasterii
1175 2078 1434 2116 Novalicienfis
1472 2079 1638 2116 conditor
1665 2078 1773 2115 fecit.

1008 2132 1072 2168 Sed
1101 2130 1177 2167 fieri
1213 2130 1321 2166 etiam
1360 2129 1501 2179 potuit,
1529 2139 1570 2166 ut
1603 2128 1773 2177 quemad-

1008 2182 1151 2219 modum
1190 2181 1365 2230 progreffu
1407 2180 1578 2229 temporis
1620 2179 1774 2217 Novali-

1009 2233 1139 2269 cienses
1164 2231 1338 2268 Monachi
1365 2232 1447 2268 loco
1474 2232 1556 2272 suo,
1583 2245 1622 2268 ac
1649 2231 1774 2268 funda—

1008 2284 1080 2320 tori
1117 2283 1334 2331 splendorem
1374 2283 1553 2326 addituri‚
1582 2284 1771 2319 Abbonem

1009 2336 1112 2371 illum
1142 2334 1278 2369 patricii
1304 2333 1416 2370 titulo
1443 2333 1566 2383 sponte
1589 2333 1772 2374 ornarint„

1010 2385 1061 2421 ita
1087 2386 1122 2420 &
1151 2385 1247 2421 suum
1276 2385 1483 2431 Opilionem
1515 2384 1589 2432 pari
1615 2381 1772 2430 dignita-

1010 2446 1048 2473 te
1073 2436 1237 2472 auxerint
1265 2435 1438 2471 Monachi
1479 2432 1665 2469 Patavini.
1702 2429 1772 2467 Vi·

1010 2486 1076 2529 de,
1100 2499 1189 2535 quae
1215 2485 1324 2523 attuli
1349 2485 1391 2521 ad
1414 2482 1621 2569 Chronicoln
1645 2483 1773 2539 Nova·

1608 2544 1721 2569 icien-
