<?xml version="1.0" encoding="UTF-8"?>
<!DOCTYPE html PUBLIC "-//W3C//DTD XHTML 1.0 Transitional//EN"
    "http://www.w3.org/TR/xhtml1/DTD/xhtml1-transitional.dtd">
<html xmlns="http://www.w3.org/1999/xhtml" xml:lang="en" lang="en">
 <head>
  <title>
</title>
<meta http-equiv="Content-Type" content="text/html;charset=utf-8" />
  <meta name='ocr-system' content='tesseract 3.04.00' />
  <meta name='ocr-capabilities' content='ocr_page ocr_carea ocr_par ocr_line ocrx_word'/>
</head>
<body>
  <div class='ocr_page' id='page_1' title='image "antiquitatesital07mura_0405.png"; bbox 0 0 2232 3089; ppageno 0'>
   <div class='ocr_carea' id='block_1_1' title="bbox 0 0 16 2328">
    <p class='ocr_par' dir='ltr' id='par_1_1' title="bbox 0 0 16 2328">
     <span class='ocr_line' id='line_1_1' title="bbox 0 0 16 2328; baseline 0 0"><span class='ocrx_word' id='word_1_1' title='bbox 0 0 16 2328; x_wconf 95' lang='lat' dir='ltr'><em> </em></span> 
     </span>
    </p>
   </div>
   <div class='ocr_carea' id='block_1_2' title="bbox 7 2323 13 3085">
    <p class='ocr_par' dir='ltr' id='par_1_2' title="bbox 7 2323 13 3085">
     <span class='ocr_line' id='line_1_2' title="bbox 7 2323 13 3085; baseline 0 0"><span class='ocrx_word' id='word_1_2' title='bbox 7 2323 13 3085; x_wconf 95' lang='lat' dir='ltr'><em> </em></span> 
     </span>
    </p>
   </div>
   <div class='ocr_carea' id='block_1_3' title="bbox 610 186 947 232">
    <p class='ocr_par' dir='ltr' id='par_1_3' title="bbox 610 186 947 232">
     <span class='ocr_line' id='line_1_3' title="bbox 610 186 947 232; baseline 0.003 -1"><span class='ocrx_word' id='word_1_3' title='bbox 610 186 947 232; x_wconf 60' lang='lat' dir='ltr'>&#39;FRAG</span> 
     </span>
    </p>
   </div>
   <div class='ocr_carea' id='block_1_4' title="bbox 1005 184 1801 249">
    <p class='ocr_par' dir='ltr' id='par_1_4' title="bbox 1005 184 1801 249">
     <span class='ocr_line' id='line_1_4' title="bbox 1005 184 1801 249; baseline 0.016 -23"><span class='ocrx_word' id='word_1_4' title='bbox 1005 184 1472 235; x_wconf 77' lang='lat' dir='ltr'><strong><em>MENTA.</em></strong></span> <span class='ocrx_word' id='word_1_5' title='bbox 1716 199 1801 249; x_wconf 77' lang='lat'><em>780</em></span> 
     </span>
    </p>
   </div>
   <div class='ocr_carea' id='block_1_5' title="bbox 234 229 1861 298">
    <p class='ocr_par' dir='ltr' id='par_1_5' title="bbox 234 229 1861 298">
     <span class='ocr_line' id='line_1_5' title="bbox 234 229 1861 298; baseline 0.007 -18"><span class='ocrx_word' id='word_1_6' title='bbox 234 245 373 288; x_wconf 54' lang='lat' dir='ltr'><em>Citt&#39;ate</em></span> <span class='ocrx_word' id='word_1_7' title='bbox 394 249 435 286; x_wconf 83' lang='lat' dir='ltr'><em>de</em></span> <span class='ocrx_word' id='word_1_8' title='bbox 456 229 636 293; x_wconf 63' lang='lat' dir='ltr'><em>vetralla,</em></span> <span class='ocrx_word' id='word_1_9' title='bbox 661 261 680 283; x_wconf 88' lang='lat' dir='ltr'><em>e</em></span> <span class='ocrx_word' id='word_1_10' title='bbox 702 246 857 289; x_wconf 77' lang='lat' dir='ltr'><em>stiettero</em></span> <span class='ocrx_word' id='word_1_11' title='bbox 881 246 918 287; x_wconf 86' lang='lat' dir='ltr'><em>in</em></span> <span class='ocrx_word' id='word_1_12' title='bbox 944 246 992 284; x_wconf 79' lang='lat' dir='ltr'><em>as-</em></span> <span class='ocrx_word' id='word_1_13' title='bbox 1028 255 1060 289; x_wconf 72' lang='lat' dir='ltr'>A</span> <span class='ocrx_word' id='word_1_14' title='bbox 1102 244 1193 285; x_wconf 69' lang='lat' dir='ltr'><em>Has,</em></span> <span class='ocrx_word' id='word_1_15' title='bbox 1216 246 1260 280; x_wconf 82' lang='lat' dir='ltr'><em>ad</em></span> <span class='ocrx_word' id='word_1_16' title='bbox 1285 244 1396 281; x_wconf 77' lang='lat' dir='ltr'><em>Urbem</em></span> <span class='ocrx_word' id='word_1_17' title='bbox 1422 247 1580 283; x_wconf 82' lang='lat' dir='ltr'><em>Vetrallae</em></span> <span class='ocrx_word' id='word_1_18' title='bbox 1603 249 1700 291; x_wconf 76' lang='lat' dir='ltr'><em>castra</em></span> <span class='ocrx_word' id='word_1_19' title='bbox 1723 256 1861 298; x_wconf 81' lang='lat' dir='ltr'><em>locavit,</em></span> 
     </span>
    </p>
   </div>
   <div class='ocr_carea' id='block_1_6' title="bbox 229 298 998 2075">
    <p class='ocr_par' dir='ltr' id='par_1_6' title="bbox 229 298 998 2075">
     <span class='ocr_line' id='line_1_6' title="bbox 233 298 994 338; baseline -0.003 0"><span class='ocrx_word' id='word_1_20' title='bbox 233 300 330 338; x_wconf 82' lang='lat' dir='ltr'><em>fedio</em></span> <span class='ocrx_word' id='word_1_21' title='bbox 358 301 409 336; x_wconf 83' lang='lat' dir='ltr'><em>dii</em></span> <span class='ocrx_word' id='word_1_22' title='bbox 440 300 599 338; x_wconf 80' lang='lat' dir='ltr'><em>seffanta.</em></span> <span class='ocrx_word' id='word_1_23' title='bbox 635 300 665 335; x_wconf 79' lang='lat' dir='ltr'>E</span> <span class='ocrx_word' id='word_1_24' title='bbox 696 298 875 336; x_wconf 78' lang='lat' dir='ltr'><em>scurreano</em></span> <span class='ocrx_word' id='word_1_25' title='bbox 902 313 994 336; x_wconf 86' lang='lat' dir='ltr'><em>onne</em></span> 
     </span>
     <span class='ocr_line' id='line_1_7' title="bbox 232 351 991 401; baseline 0 -13"><span class='ocrx_word' id='word_1_26' title='bbox 232 351 380 401; x_wconf 80' lang='lat' dir='ltr'><em>pianura</em></span> <span class='ocrx_word' id='word_1_27' title='bbox 407 351 443 389; x_wconf 87' lang='lat' dir='ltr'><em>fi’</em></span> <span class='ocrx_word' id='word_1_28' title='bbox 471 366 489 388; x_wconf 88' lang='lat' dir='ltr'>a</span> <span class='ocrx_word' id='word_1_29' title='bbox 514 351 685 389; x_wconf 80' lang='lat' dir='ltr'><em>Vitervo‚</em></span> <span class='ocrx_word' id='word_1_30' title='bbox 713 352 865 387; x_wconf 78' lang='lat' dir='ltr'><em>ardenno</em></span> <span class='ocrx_word' id='word_1_31' title='bbox 894 365 913 388; x_wconf 84' lang='lat' dir='ltr'><em>e</em></span> <span class='ocrx_word' id='word_1_32' title='bbox 935 352 991 388; x_wconf 90' lang='lat' dir='ltr'><em>de-</em></span> 
     </span>
     <span class='ocr_line' id='line_1_8' title="bbox 232 402 993 451; baseline 0 -12"><span class='ocrx_word' id='word_1_33' title='bbox 232 405 436 440; x_wconf 77' lang='lat' dir='ltr'><em>robbanno.</em></span> <span class='ocrx_word' id='word_1_34' title='bbox 476 402 552 439; x_wconf 86' lang='lat' dir='ltr'><em>Deh</em></span> <span class='ocrx_word' id='word_1_35' title='bbox 584 416 685 437; x_wconf 86' lang='lat' dir='ltr'><em>como</em></span> <span class='ocrx_word' id='word_1_36' title='bbox 723 416 852 451; x_wconf 85' lang='lat' dir='ltr'><em>granne</em></span> <span class='ocrx_word' id='word_1_37' title='bbox 890 416 993 450; x_wconf 82' lang='lat' dir='ltr'>paura</span> 
     </span>
     <span class='ocr_line' id='line_1_9' title="bbox 232 452 994 491; baseline 0 -1"><span class='ocrx_word' id='word_1_38' title='bbox 232 452 349 491; x_wconf 80' lang='lat' dir='ltr'><em>fecero</em></span> <span class='ocrx_word' id='word_1_39' title='bbox 376 469 393 491; x_wconf 84' lang='lat' dir='ltr'>a</span> <span class='ocrx_word' id='word_1_40' title='bbox 423 453 618 490; x_wconf 79' lang='lat' dir='ltr'><em>Vitervefi!</em></span> <span class='ocrx_word' id='word_1_41' title='bbox 658 455 784 490; x_wconf 87' lang='lat' dir='ltr'><em>Donne</em></span> <span class='ocrx_word' id='word_1_42' title='bbox 821 453 856 490; x_wconf 64' lang='lat' dir='ltr'><em>fb</em></span> <span class='ocrx_word' id='word_1_43' title='bbox 889 454 994 490; x_wconf 80' lang='lat' dir='ltr'><em>hauta</em></span> 
     </span>
     <span class='ocr_line' id='line_1_10' title="bbox 234 505 990 554; baseline 0.003 -14"><span class='ocrx_word' id='word_1_44' title='bbox 234 506 394 541; x_wconf 74' lang='lat' dir='ltr'><em>vetralla</em></span> <span class='ocrx_word' id='word_1_45' title='bbox 422 519 481 554; x_wconf 82' lang='lat' dir='ltr'><em>per</em></span> <span class='ocrx_word' id='word_1_46' title='bbox 509 506 597 541; x_wconf 87' lang='lat' dir='ltr'><em>bona</em></span> <span class='ocrx_word' id='word_1_47' title='bbox 627 506 809 540; x_wconf 89' lang='lat' dir='ltr'>volontate</span> <span class='ocrx_word' id='word_1_48' title='bbox 834 506 875 540; x_wconf 92' lang='lat' dir='ltr'><em>de</em></span> <span class='ocrx_word' id='word_1_49' title='bbox 903 505 930 541; x_wconf 85' lang='lat' dir='ltr'><em>li</em></span> <span class='ocrx_word' id='word_1_50' title='bbox 958 520 990 542; x_wconf 85' lang='lat' dir='ltr'><em>a-</em></span> 
     </span>
     <span class='ocr_line' id='line_1_11' title="bbox 231 555 992 600; baseline 0 -9"><span class='ocrx_word' id='word_1_51' title='bbox 231 555 401 592; x_wconf 83' lang='lat' dir='ltr'><em>vitatori.</em></span> <span class='ocrx_word' id='word_1_52' title='bbox 430 559 562 592; x_wconf 84' lang='lat' dir='ltr'><em>Erance</em></span> <span class='ocrx_word' id='word_1_53' title='bbox 589 569 654 592; x_wconf 81' lang='lat' dir='ltr'><em>una</em></span> <span class='ocrx_word' id='word_1_54' title='bbox 681 555 771 592; x_wconf 87' lang='lat' dir='ltr'><em>forte</em></span> <span class='ocrx_word' id='word_1_55' title='bbox 799 559 936 600; x_wconf 63' lang='lat' dir='ltr'><em>Roma,</em></span> <span class='ocrx_word' id='word_1_56' title='bbox 961 558 992 591; x_wconf 86' lang='lat' dir='ltr'><em>la</em></span> 
     </span>
     <span class='ocr_line' id='line_1_12' title="bbox 231 607 993 654; baseline 0.003 -13"><span class='ocrx_word' id='word_1_57' title='bbox 231 607 335 654; x_wconf 79' lang='lat' dir='ltr'><em>quale</em></span> <span class='ocrx_word' id='word_1_58' title='bbox 365 620 432 643; x_wconf 92' lang='lat' dir='ltr'><em>non</em></span> <span class='ocrx_word' id='word_1_59' title='bbox 464 607 499 643; x_wconf 73' lang='grc' dir='ltr'><em>ἷὸ</em></span> <span class='ocrx_word' id='word_1_60' title='bbox 527 607 654 643; x_wconf 85' lang='lat' dir='ltr'><em>hauta.</em></span> <span class='ocrx_word' id='word_1_61' title='bbox 691 609 892 643; x_wconf 76' lang='lat' dir='ltr'><em>Volennola</em></span> <span class='ocrx_word' id='word_1_62' title='bbox 924 610 993 643; x_wconf 90' lang='lat' dir='ltr'><em>Ro-</em></span> 
     </span>
     <span class='ocr_line' id='line_1_13' title="bbox 231 656 994 708; baseline 0.001 -16"><span class='ocrx_word' id='word_1_63' title='bbox 231 656 329 693; x_wconf 87' lang='lat' dir='ltr'><em>mani</em></span> <span class='ocrx_word' id='word_1_64' title='bbox 367 672 531 706; x_wconf 84' lang='lat' dir='ltr'><em>prennere</em></span> <span class='ocrx_word' id='word_1_65' title='bbox 569 672 628 707; x_wconf 86' lang='lat' dir='ltr'><em>per</em></span> <span class='ocrx_word' id='word_1_66' title='bbox 663 669 735 695; x_wconf 80' lang='lat' dir='ltr'><em>arte</em></span> <span class='ocrx_word' id='word_1_67' title='bbox 772 660 814 695; x_wconf 91' lang='lat' dir='ltr'><em>de</em></span> <span class='ocrx_word' id='word_1_68' title='bbox 851 672 994 708; x_wconf 77' lang='lat' dir='ltr'><em>guerra,</em></span> 
     </span>
     <span class='ocr_line' id='line_1_14' title="bbox 231 706 992 758; baseline 0.004 -16"><span class='ocrx_word' id='word_1_69' title='bbox 231 706 346 743; x_wconf 79' lang='lat' dir='ltr'><em>fecero</em></span> <span class='ocrx_word' id='word_1_70' title='bbox 374 709 554 745; x_wconf 82' lang='lat' dir='ltr'><em>trabocchi</em></span> <span class='ocrx_word' id='word_1_71' title='bbox 581 723 599 745; x_wconf 91' lang='lat' dir='ltr'><em>e</em></span> <span class='ocrx_word' id='word_1_72' title='bbox 628 711 865 758; x_wconf 82' lang='lat' dir='ltr'><em>manganelle.</em></span> <span class='ocrx_word' id='word_1_73' title='bbox 894 709 992 746; x_wconf 86' lang='lat' dir='ltr'><em>Moi-</em></span> 
     </span>
     <span class='ocr_line' id='line_1_15' title="bbox 230 758 988 808; baseline 0 -14"><span class='ocrx_word' id='word_1_74' title='bbox 230 765 271 794; x_wconf 82' lang='lat' dir='ltr'><em>to</em></span> <span class='ocrx_word' id='word_1_75' title='bbox 297 758 508 807; x_wconf 80' lang='lat' dir='ltr'><em>speffiavano</em></span> <span class='ocrx_word' id='word_1_76' title='bbox 535 762 613 796; x_wconf 81' lang='lat' dir='ltr'><em>loro</em></span> <span class='ocrx_word' id='word_1_77' title='bbox 641 771 755 808; x_wconf 87' lang='lat' dir='ltr'><em>prete.</em></span> <span class='ocrx_word' id='word_1_78' title='bbox 789 762 874 796; x_wconf 88' lang='lat' dir='ltr'><em>Puoi</em></span> <span class='ocrx_word' id='word_1_79' title='bbox 905 760 988 795; x_wconf 85' lang='lat' dir='ltr'><em>fece-</em></span> 
     </span>
     <span class='ocr_line' id='line_1_16' title="bbox 229 809 986 852; baseline 0.001 -8"><span class='ocrx_word' id='word_1_80' title='bbox 229 822 272 845; x_wconf 85' lang='lat' dir='ltr'><em>ro</em></span> <span class='ocrx_word' id='word_1_81' title='bbox 299 823 366 844; x_wconf 86' lang='lat' dir='ltr'><em>una</em></span> <span class='ocrx_word' id='word_1_82' title='bbox 396 809 548 844; x_wconf 85' lang='lat' dir='ltr'><em>Afinella</em></span> <span class='ocrx_word' id='word_1_83' title='bbox 578 811 620 844; x_wconf 88' lang='lat' dir='ltr'><em>de</em></span> <span class='ocrx_word' id='word_1_84' title='bbox 656 811 760 852; x_wconf 84' lang='lat' dir='ltr'><em>leno,</em></span> <span class='ocrx_word' id='word_1_85' title='bbox 796 824 815 845; x_wconf 88' lang='lat' dir='ltr'><em>e</em></span> <span class='ocrx_word' id='word_1_86' title='bbox 846 809 986 845; x_wconf 87' lang='lat' dir='ltr'><em>connus-</em></span> 
     </span>
     <span class='ocr_line' id='line_1_17' title="bbox 229 858 992 896; baseline 0 -2"><span class='ocrx_word' id='word_1_87' title='bbox 229 858 340 894; x_wconf 79' lang='lat' dir='ltr'><em>semla</em></span> <span class='ocrx_word' id='word_1_88' title='bbox 368 858 404 894; x_wconf 91' lang='lat' dir='ltr'><em>fi&#39;</em></span> <span class='ocrx_word' id='word_1_89' title='bbox 431 860 499 894; x_wconf 83' lang='lat' dir='ltr'><em>alla</em></span> <span class='ocrx_word' id='word_1_90' title='bbox 528 860 630 893; x_wconf 85' lang='lat' dir='ltr'><em>Porta</em></span> <span class='ocrx_word' id='word_1_91' title='bbox 656 859 748 893; x_wconf 81' lang='lat' dir='ltr'><em>della</em></span> <span class='ocrx_word' id='word_1_92' title='bbox 778 862 912 895; x_wconf 84' lang='lat' dir='ltr'>Rocca.</span> <span class='ocrx_word' id='word_1_93' title='bbox 942 862 992 896; x_wconf 82' lang='lat' dir='ltr'><em>La</em></span> 
     </span>
     <span class='ocr_line' id='line_1_18' title="bbox 229 908 991 955; baseline 0.001 -11"><span class='ocrx_word' id='word_1_94' title='bbox 229 919 331 944; x_wconf 74' lang='lat' dir='ltr'><em>notte</em></span> <span class='ocrx_word' id='word_1_95' title='bbox 352 908 383 945; x_wconf 87' lang='lat' dir='ltr'><em>se</em></span> <span class='ocrx_word' id='word_1_96' title='bbox 404 909 496 945; x_wconf 89' lang='lat' dir='ltr'><strong>fece.</strong></span> <span class='ocrx_word' id='word_1_97' title='bbox 521 910 644 955; x_wconf 86' lang='lat' dir='ltr'><em>Quelli</em></span> <span class='ocrx_word' id='word_1_98' title='bbox 665 909 757 944; x_wconf 82' lang='lat' dir='ltr'><em>della</em></span> <span class='ocrx_word' id='word_1_99' title='bbox 783 912 895 945; x_wconf 85' lang='lat' dir='ltr'>Rocca</span> <span class='ocrx_word' id='word_1_100' title='bbox 922 924 991 945; x_wconf 86' lang='lat' dir='ltr'><em>me—</em></span> 
     </span>
     <span class='ocr_line' id='line_1_19' title="bbox 229 959 987 1008; baseline 0 -12"><span class='ocrx_word' id='word_1_101' title='bbox 229 959 352 996; x_wconf 79' lang='lat' dir='ltr'>sticaro</span> <span class='ocrx_word' id='word_1_102' title='bbox 378 959 496 1003; x_wconf 88' lang='lat' dir='ltr'>zoifo,</span> <span class='ocrx_word' id='word_1_103' title='bbox 523 974 626 1008; x_wconf 79' lang='lat' dir='ltr'><em>pecc,</em></span> <span class='ocrx_word' id='word_1_104' title='bbox 649 962 816 1008; x_wconf 87' lang='lat' dir='ltr'><em>vuoglio,</em></span> <span class='ocrx_word' id='word_1_105' title='bbox 842 972 987 996; x_wconf 78' lang='lat' dir='ltr'><em>tremen-</em></span> 
     </span>
     <span class='ocr_line' id='line_1_20' title="bbox 230 1011 994 1058; baseline 0.003 -12"><span class='ocrx_word' id='word_1_106' title='bbox 230 1011 306 1046; x_wconf 81' lang='lat' dir='ltr'><em>tina</em></span> <span class='ocrx_word' id='word_1_107' title='bbox 325 1035 334 1049; x_wconf 90' lang='lat'>‚</span> <span class='ocrx_word' id='word_1_108' title='bbox 371 1013 450 1051; x_wconf 81' lang='lat' dir='ltr'><em>lena</em></span> <span class='ocrx_word' id='word_1_109' title='bbox 469 1037 479 1054; x_wconf 88' lang='lat'>‚</span> <span class='ocrx_word' id='word_1_110' title='bbox 516 1024 535 1045; x_wconf 89' lang='lat' dir='ltr'><em>e</em></span> <span class='ocrx_word' id='word_1_111' title='bbox 572 1011 660 1045; x_wconf 76' lang='lat' dir='ltr'><em>aitte</em></span> <span class='ocrx_word' id='word_1_112' title='bbox 688 1012 791 1054; x_wconf 70' lang='lat' dir='ltr'><em>cose,</em></span> <span class='ocrx_word' id='word_1_113' title='bbox 821 1026 838 1047; x_wconf 88' lang='lat' dir='ltr'><em>e</em></span> <span class='ocrx_word' id='word_1_114' title='bbox 870 1013 994 1058; x_wconf 81' lang='lat' dir='ltr'><em>jettaro</em></span> 
     </span>
     <span class='ocr_line' id='line_1_21' title="bbox 230 1060 994 1108; baseline 0.003 -12"><span class='ocrx_word' id='word_1_115' title='bbox 230 1061 346 1108; x_wconf 68' lang='lat' dir='ltr'><em>quefl‘a</em></span> <span class='ocrx_word' id='word_1_116' title='bbox 382 1060 524 1096; x_wconf 80' lang='lat' dir='ltr'><em>mestura</em></span> <span class='ocrx_word' id='word_1_117' title='bbox 563 1060 660 1108; x_wconf 79' lang='lat' dir='ltr'>sopra</span> <span class='ocrx_word' id='word_1_118' title='bbox 689 1061 724 1096; x_wconf 87' lang='lat' dir='ltr'><em>lo</em></span> <span class='ocrx_word' id='word_1_119' title='bbox 752 1062 903 1099; x_wconf 50' lang='lat' dir='ltr'><em>deficio.</em></span> <span class='ocrx_word' id='word_1_120' title='bbox 943 1066 994 1100; x_wconf 81' lang='lat' dir='ltr'><em>La</em></span> 
     </span>
     <span class='ocr_line' id='line_1_22' title="bbox 229 1111 994 1159; baseline 0 -11"><span class='ocrx_word' id='word_1_121' title='bbox 229 1111 388 1148; x_wconf 82' lang='lat' dir='ltr'><em>Asmella</em></span> <span class='ocrx_word' id='word_1_122' title='bbox 418 1111 451 1148; x_wconf 72' lang='lat' dir='ltr'><em>fb</em></span> <span class='ocrx_word' id='word_1_123' title='bbox 479 1112 514 1147; x_wconf 89' lang='lat' dir='ltr'><em>in</em></span> <span class='ocrx_word' id='word_1_124' title='bbox 543 1113 659 1159; x_wconf 82' lang='lat' dir='ltr'><em>quella</em></span> <span class='ocrx_word' id='word_1_125' title='bbox 688 1122 787 1148; x_wconf 88' lang='lat' dir='ltr'><em>notte</em></span> <span class='ocrx_word' id='word_1_126' title='bbox 815 1127 912 1148; x_wconf 85' lang='lat' dir='ltr'>arza.</span> <span class='ocrx_word' id='word_1_127' title='bbox 943 1116 994 1149; x_wconf 87' lang='lat' dir='ltr'><em>La</em></span> 
     </span>
     <span class='ocr_line' id='line_1_23' title="bbox 230 1163 995 1211; baseline 0.001 -13"><span class='ocrx_word' id='word_1_128' title='bbox 230 1163 376 1199; x_wconf 82' lang='lat' dir='ltr'><em>demane</em></span> <span class='ocrx_word' id='word_1_129' title='bbox 405 1163 440 1198; x_wconf 66' lang='lat' dir='ltr'><em>fb</em></span> <span class='ocrx_word' id='word_1_130' title='bbox 469 1174 610 1198; x_wconf 80' lang='lat' dir='ltr'><em>trovata</em></span> <span class='ocrx_word' id='word_1_131' title='bbox 639 1176 783 1199; x_wconf 84' lang='lat' dir='ltr'><em>tenere.</em></span> <span class='ocrx_word' id='word_1_132' title='bbox 813 1167 851 1198; x_wconf 92' lang='lat' dir='ltr'><em>ln</em></span> <span class='ocrx_word' id='word_1_133' title='bbox 881 1165 995 1211; x_wconf 82' lang='lat' dir='ltr'><em>queffa</em></span> 
     </span>
     <span class='ocr_line' id='line_1_24' title="bbox 230 1213 989 1250; baseline 0.001 -1"><span class='ocrx_word' id='word_1_134' title='bbox 230 1213 324 1249; x_wconf 83' lang='lat' dir='ltr'><em>hoste</em></span> <span class='ocrx_word' id='word_1_135' title='bbox 354 1214 453 1250; x_wconf 80' lang='lat' dir='ltr'><em>fuoro</em></span> <span class='ocrx_word' id='word_1_136' title='bbox 481 1213 677 1250; x_wconf 83' lang='lat' dir='ltr'><em>Cornerani</em></span> <span class='ocrx_word' id='word_1_137' title='bbox 708 1228 774 1249; x_wconf 89' lang='lat' dir='ltr'><em>con</em></span> <span class='ocrx_word' id='word_1_138' title='bbox 807 1224 904 1250; x_wconf 78' lang='lat' dir='ltr'><em>tutto</em></span> <span class='ocrx_word' id='word_1_139' title='bbox 941 1217 989 1250; x_wconf 80' lang='lat' dir='ltr'><em>lo-</em></span> 
     </span>
     <span class='ocr_line' id='line_1_25' title="bbox 230 1264 991 1314; baseline 0 -13"><span class='ocrx_word' id='word_1_140' title='bbox 230 1278 271 1301; x_wconf 87' lang='lat' dir='ltr'><em>ro</em></span> <span class='ocrx_word' id='word_1_141' title='bbox 299 1265 440 1305; x_wconf 71' lang='lat' dir='ltr'><em>sforzo‚</em></span> <span class='ocrx_word' id='word_1_142' title='bbox 477 1279 495 1301; x_wconf 89' lang='lat' dir='ltr'><em>e</em></span> <span class='ocrx_word' id='word_1_143' title='bbox 526 1264 710 1300; x_wconf 77' lang='lat' dir='ltr'><em>Manfredo</em></span> <span class='ocrx_word' id='word_1_144' title='bbox 748 1267 824 1301; x_wconf 84' lang='lat' dir='ltr'><em>loro</em></span> <span class='ocrx_word' id='word_1_145' title='bbox 856 1267 991 1314; x_wconf 75' lang='lat' dir='ltr'><em>ngnio—</em></span> 
     </span>
     <span class='ocr_line' id='line_1_26' title="bbox 232 1316 994 1352; baseline 0.001 -1"><span class='ocrx_word' id='word_1_146' title='bbox 232 1329 295 1351; x_wconf 86' lang='lat' dir='ltr'><em>re.</em></span> <span class='ocrx_word' id='word_1_147' title='bbox 336 1319 491 1351; x_wconf 76' lang='lat' dir='ltr'><em>foronce</em></span> <span class='ocrx_word' id='word_1_148' title='bbox 518 1318 550 1351; x_wconf 76' lang='lat' dir='ltr'><em>le</em></span> <span class='ocrx_word' id='word_1_149' title='bbox 583 1316 740 1351; x_wconf 77' lang='lat' dir='ltr'>masnade</span> <span class='ocrx_word' id='word_1_150' title='bbox 769 1317 811 1352; x_wconf 81' lang='lat' dir='ltr'><em>de</em></span> <span class='ocrx_word' id='word_1_151' title='bbox 842 1316 994 1352; x_wconf 69' lang='lat' dir='ltr'><em>Pet-osci-</em></span> 
     </span>
     <span class='ocr_line' id='line_1_27' title="bbox 230 1366 989 1412; baseline 0 -10"><span class='ocrx_word' id='word_1_152' title='bbox 230 1366 292 1409; x_wconf 89' lang='lat' dir='ltr'><em>ni,</em></span> <span class='ocrx_word' id='word_1_153' title='bbox 321 1367 362 1402; x_wconf 88' lang='lat' dir='ltr'><em>de</em></span> <span class='ocrx_word' id='word_1_154' title='bbox 390 1367 548 1406; x_wconf 85' lang='lat' dir='ltr'><em>Todini‚</em></span> <span class='ocrx_word' id='word_1_155' title='bbox 573 1369 614 1401; x_wconf 91' lang='lat' dir='ltr'><em>de</em></span> <span class='ocrx_word' id='word_1_156' title='bbox 644 1366 860 1412; x_wconf 75' lang='lat' dir='ltr'><em>Narginiefi.</em></span> <span class='ocrx_word' id='word_1_157' title='bbox 891 1369 989 1402; x_wconf 64' lang='lat' dir='ltr'><em>Baro—</em></span> 
     </span>
     <span class='ocr_line' id='line_1_28' title="bbox 230 1417 988 1454; baseline 0 -1"><span class='ocrx_word' id='word_1_158' title='bbox 230 1418 269 1453; x_wconf 82' lang='lat' dir='ltr'><em>ni</em></span> <span class='ocrx_word' id='word_1_159' title='bbox 293 1418 333 1452; x_wconf 87' lang='lat' dir='ltr'><em>de</em></span> <span class='ocrx_word' id='word_1_160' title='bbox 357 1420 469 1453; x_wconf 82' lang='lat' dir='ltr'><em>Roma</em></span> <span class='ocrx_word' id='word_1_161' title='bbox 491 1419 591 1453; x_wconf 71' lang='lat' dir='ltr'><em>afl&#39;ai.</em></span> <span class='ocrx_word' id='word_1_162' title='bbox 617 1418 738 1452; x_wconf 78' lang='lat' dir='ltr'><em>Moito</em></span> <span class='ocrx_word' id='word_1_163' title='bbox 761 1417 794 1453; x_wconf 71' lang='grc' dir='ltr'><em>[ὸ</em></span> <span class='ocrx_word' id='word_1_164' title='bbox 820 1418 909 1454; x_wconf 78' lang='lat' dir='ltr'><em>bella</em></span> <span class='ocrx_word' id='word_1_165' title='bbox 934 1418 988 1453; x_wconf 85' lang='lat' dir='ltr'><em>ho-</em></span> 
     </span>
     <span class='ocr_line' id='line_1_29' title="bbox 232 1466 997 1514; baseline 0 -12"><span class='ocrx_word' id='word_1_166' title='bbox 232 1466 303 1509; x_wconf 75' lang='lat' dir='ltr'><em>ste,</em></span> <span class='ocrx_word' id='word_1_167' title='bbox 333 1478 475 1514; x_wconf 79' lang='lat' dir='ltr'><em>potente</em></span> <span class='ocrx_word' id='word_1_168' title='bbox 495 1492 504 1506; x_wconf 86' lang='lat'><em>‚</em></span> <span class='ocrx_word' id='word_1_169' title='bbox 542 1481 560 1503; x_wconf 88' lang='lat' dir='ltr'><em>e</em></span> <span class='ocrx_word' id='word_1_170' title='bbox 588 1469 778 1504; x_wconf 81' lang='lat' dir='ltr'><em>honorata.</em></span> <span class='ocrx_word' id='word_1_171' title='bbox 820 1470 906 1504; x_wconf 84' lang='lat' dir='ltr'><em>Puoi</em></span> <span class='ocrx_word' id='word_1_172' title='bbox 935 1468 997 1503; x_wconf 78' lang='lat' dir='ltr'><em>che</em></span> 
     </span>
     <span class='ocr_line' id='line_1_30' title="bbox 234 1518 980 1567; baseline 0 -13"><span class='ocrx_word' id='word_1_173' title='bbox 234 1518 261 1554; x_wconf 87' lang='lat' dir='ltr'><em>li</em></span> <span class='ocrx_word' id='word_1_174' title='bbox 287 1519 436 1554; x_wconf 80' lang='lat' dir='ltr'><em>Romani</em></span> <span class='ocrx_word' id='word_1_175' title='bbox 463 1519 614 1554; x_wconf 74' lang='lat' dir='ltr'><em>habbero</em></span> <span class='ocrx_word' id='word_1_176' title='bbox 635 1530 846 1555; x_wconf 84' lang='lat' dir='ltr'><em>conzumato</em></span> <span class='ocrx_word' id='word_1_177' title='bbox 872 1534 889 1554; x_wconf 88' lang='lat' dir='ltr'><em>e</em></span> <span class='ocrx_word' id='word_1_178' title='bbox 915 1533 980 1567; x_wconf 85' lang='lat' dir='ltr'><em>gua</em></span> 
     </span>
     <span class='ocr_line' id='line_1_31' title="bbox 232 1569 986 1616; baseline 0.001 -11"><span class='ocrx_word' id='word_1_179' title='bbox 232 1569 282 1606; x_wconf 82' lang='lat' dir='ltr'><em>sto</em></span> <span class='ocrx_word' id='word_1_180' title='bbox 306 1582 397 1604; x_wconf 87' lang='lat' dir='ltr'><em>onne</em></span> <span class='ocrx_word' id='word_1_181' title='bbox 425 1582 571 1616; x_wconf 74' lang='lat' dir='ltr'><em>campo,</em></span> <span class='ocrx_word' id='word_1_182' title='bbox 601 1571 752 1605; x_wconf 81' lang='lat' dir='ltr'><em>habbero</em></span> <span class='ocrx_word' id='word_1_183' title='bbox 780 1584 860 1606; x_wconf 86' lang='lat' dir='ltr'><em>arzo</em></span> <span class='ocrx_word' id='word_1_184' title='bbox 886 1572 920 1606; x_wconf 92' lang='lat'><em>10</em></span> <span class='ocrx_word' id='word_1_185' title='bbox 947 1572 986 1606; x_wconf 63' lang='lat' dir='ltr'><em>la1</em></span> 
     </span>
     <span class='ocr_line' id='line_1_32' title="bbox 231 1619 996 1663; baseline 0 -7"><span class='ocrx_word' id='word_1_186' title='bbox 231 1633 342 1662; x_wconf 76' lang='lat' dir='ltr'>voro.</span> <span class='ocrx_word' id='word_1_187' title='bbox 370 1633 388 1655; x_wconf 93' lang='lat' dir='ltr'><em>e</em></span> <span class='ocrx_word' id='word_1_188' title='bbox 426 1621 462 1654; x_wconf 90' lang='lat' dir='ltr'><em>lo</em></span> <span class='ocrx_word' id='word_1_189' title='bbox 492 1620 568 1655; x_wconf 88' lang='lat' dir='ltr'><em>lino</em></span> <span class='ocrx_word' id='word_1_190' title='bbox 599 1619 634 1655; x_wconf 87' lang='lat' dir='ltr'><em>fi&#39;</em></span> <span class='ocrx_word' id='word_1_191' title='bbox 662 1621 699 1655; x_wconf 91' lang='lat' dir='ltr'><em>in</em></span> <span class='ocrx_word' id='word_1_192' title='bbox 731 1621 903 1663; x_wconf 65' lang='lat' dir='ltr'><em>Vitem-0,</em></span> <span class='ocrx_word' id='word_1_193' title='bbox 941 1635 996 1656; x_wconf 86' lang='lat' dir='ltr'><em>era</em></span> 
     </span>
     <span class='ocr_line' id='line_1_33' title="bbox 232 1670 992 1718; baseline 0 -12"><span class='ocrx_word' id='word_1_194' title='bbox 232 1671 340 1716; x_wconf 65' lang='lat' dir='ltr'><em>miesa</em></span> <span class='ocrx_word' id='word_1_195' title='bbox 368 1670 449 1706; x_wconf 81' lang='lat' dir='ltr'><em>state</em></span> <span class='ocrx_word' id='word_1_196' title='bbox 470 1671 511 1706; x_wconf 90' lang='lat' dir='ltr'><em>de</em></span> <span class='ocrx_word' id='word_1_197' title='bbox 533 1670 686 1718; x_wconf 75' lang='lat' dir='ltr'><em>LugHo,</em></span> <span class='ocrx_word' id='word_1_198' title='bbox 710 1685 849 1716; x_wconf 86' lang='lat' dir='ltr'><em>quanno</em></span> <span class='ocrx_word' id='word_1_199' title='bbox 871 1674 905 1706; x_wconf 87' lang='lat'><em>10</em></span> <span class='ocrx_word' id='word_1_200' title='bbox 927 1673 992 1707; x_wconf 80' lang='lat' dir='ltr'><em>cal-</em></span> 
     </span>
     <span class='ocr_line' id='line_1_34' title="bbox 230 1721 989 1758; baseline 0 0"><span class='ocrx_word' id='word_1_201' title='bbox 230 1722 269 1758; x_wconf 87' lang='lat' dir='ltr'><em>lo</em></span> <span class='ocrx_word' id='word_1_202' title='bbox 299 1721 367 1757; x_wconf 82' lang='lat' dir='ltr'><em>stao</em></span> <span class='ocrx_word' id='word_1_203' title='bbox 404 1721 621 1757; x_wconf 81' lang='lat' dir='ltr'><em>infervente.</em></span> <span class='ocrx_word' id='word_1_204' title='bbox 662 1722 810 1757; x_wconf 82' lang='lat' dir='ltr'><em>Allhora</em></span> <span class='ocrx_word' id='word_1_205' title='bbox 850 1724 883 1757; x_wconf 90' lang='lat' dir='ltr'><em>lo</em></span> <span class='ocrx_word' id='word_1_206' title='bbox 912 1723 989 1758; x_wconf 80' lang='lat' dir='ltr'><em>Tri-</em></span> 
     </span>
     <span class='ocr_line' id='line_1_35' title="bbox 233 1773 996 1822; baseline 0 -13"><span class='ocrx_word' id='word_1_207' title='bbox 233 1773 328 1810; x_wconf 78' lang='lat' dir='ltr'><em>buno</em></span> <span class='ocrx_word' id='word_1_208' title='bbox 356 1773 572 1808; x_wconf 82' lang='lat' dir='ltr'><em>determinao</em></span> <span class='ocrx_word' id='word_1_209' title='bbox 604 1787 621 1808; x_wconf 86' lang='lat' dir='ltr'>a</span> <span class='ocrx_word' id='word_1_210' title='bbox 649 1773 763 1820; x_wconf 82' lang='lat' dir='ltr'><em>queffa</em></span> <span class='ocrx_word' id='word_1_211' title='bbox 804 1774 893 1809; x_wconf 84' lang='lat' dir='ltr'><em>hoste</em></span> <span class='ocrx_word' id='word_1_212' title='bbox 923 1776 996 1822; x_wconf 81' lang='lat' dir='ltr'><em>gire</em></span> 
     </span>
     <span class='ocr_line' id='line_1_36' title="bbox 232 1824 995 1873; baseline 0 -14"><span class='ocrx_word' id='word_1_213' title='bbox 232 1825 539 1873; x_wconf 79' lang='lat' dir='ltr'><em>perzonalmente,</em></span> <span class='ocrx_word' id='word_1_214' title='bbox 569 1825 650 1871; x_wconf 86' lang='lat'>(28)</span> <span class='ocrx_word' id='word_1_215' title='bbox 681 1837 700 1861; x_wconf 87' lang='lat' dir='ltr'><em>e</em></span> <span class='ocrx_word' id='word_1_216' title='bbox 732 1824 892 1860; x_wconf 81' lang='lat' dir='ltr'><em>mustrare</em></span> <span class='ocrx_word' id='word_1_217' title='bbox 923 1835 995 1859; x_wconf 84' lang='lat' dir='ltr'><em>tut-</em></span> 
     </span>
     <span class='ocr_line' id='line_1_37' title="bbox 233 1874 992 1921; baseline 0 -11"><span class='ocrx_word' id='word_1_218' title='bbox 233 1883 271 1910; x_wconf 88' lang='lat' dir='ltr'><em>ta</em></span> <span class='ocrx_word' id='word_1_219' title='bbox 299 1874 355 1910; x_wconf 90' lang='lat' dir='ltr'><em>soa</em></span> <span class='ocrx_word' id='word_1_220' title='bbox 385 1874 572 1910; x_wconf 84' lang='lat' dir='ltr'><em>valentitia</em></span> <span class='ocrx_word' id='word_1_221' title='bbox 601 1888 665 1910; x_wconf 89' lang='lat' dir='ltr'><em>con</em></span> <span class='ocrx_word' id='word_1_222' title='bbox 695 1875 861 1911; x_wconf 82' lang='lat' dir='ltr'><em>cavalieri</em></span> <span class='ocrx_word' id='word_1_223' title='bbox 892 1888 910 1910; x_wconf 85' lang='lat' dir='ltr'><em>e</em></span> <span class='ocrx_word' id='word_1_224' title='bbox 940 1889 992 1921; x_wconf 80' lang='lat' dir='ltr'><em>pe-</em></span> 
     </span>
     <span class='ocr_line' id='line_1_38' title="bbox 233 1925 993 1974; baseline -0.001 -13"><span class='ocrx_word' id='word_1_225' title='bbox 233 1925 344 1961; x_wconf 87' lang='lat' dir='ltr'><em>doni:</em></span> <span class='ocrx_word' id='word_1_226' title='bbox 375 1939 393 1961; x_wconf 90' lang='lat' dir='ltr'><em>e</em></span> <span class='ocrx_word' id='word_1_227' title='bbox 420 1927 630 1973; x_wconf 83' lang='lat' dir='ltr'><em>depopulare</em></span> <span class='ocrx_word' id='word_1_228' title='bbox 657 1927 690 1960; x_wconf 79' lang='lat' dir='ltr'><em>le</em></span> <span class='ocrx_word' id='word_1_229' title='bbox 720 1927 836 1974; x_wconf 87' lang='lat' dir='ltr'><em>Vigne</em></span> <span class='ocrx_word' id='word_1_230' title='bbox 863 1927 904 1962; x_wconf 88' lang='lat' dir='ltr'><em>de</em></span> <span class='ocrx_word' id='word_1_231' title='bbox 932 1927 993 1961; x_wconf 81' lang='lat' dir='ltr'><em>Vi-</em></span> 
     </span>
     <span class='ocr_line' id='line_1_39' title="bbox 231 1976 998 2024; baseline 0.001 -12"><span class='ocrx_word' id='word_1_232' title='bbox 231 1984 364 2012; x_wconf 83' lang='lat' dir='ltr'><em>tervo.</em></span> <span class='ocrx_word' id='word_1_233' title='bbox 403 1978 556 2022; x_wconf 82' lang='lat' dir='ltr'><em>Quanno</em></span> <span class='ocrx_word' id='word_1_234' title='bbox 597 1980 633 2011; x_wconf 89' lang='lat' dir='ltr'><em>lo</em></span> <span class='ocrx_word' id='word_1_235' title='bbox 675 1976 841 2012; x_wconf 79' lang='lat' dir='ltr'><em>Prefietto</em></span> <span class='ocrx_word' id='word_1_236' title='bbox 881 1978 998 2024; x_wconf 77' lang='lat' dir='ltr'><em>queffo</em></span> 
     </span>
     <span class='ocr_line' id='line_1_40' title="bbox 232 2027 995 2075; baseline 0 -12"><span class='ocrx_word' id='word_1_237' title='bbox 232 2027 368 2067; x_wconf 82' lang='lat' dir='ltr'><em>sentio,</em></span> <span class='ocrx_word' id='word_1_238' title='bbox 398 2027 643 2063; x_wconf 81' lang='lat' dir='ltr'><em>incontinente</em></span> <span class='ocrx_word' id='word_1_239' title='bbox 668 2041 798 2075; x_wconf 83' lang='lat' dir='ltr'><em>penzao</em></span> <span class='ocrx_word' id='word_1_240' title='bbox 823 2029 864 2063; x_wconf 92' lang='lat' dir='ltr'><em>de</em></span> <span class='ocrx_word' id='word_1_241' title='bbox 891 2030 995 2063; x_wconf 87' lang='lat' dir='ltr'><em>obbe—</em></span> 
     </span>
    </p>
   </div>
   <div class='ocr_carea' id='block_1_7' title="bbox 1096 298 1868 699">
    <p class='ocr_par' dir='ltr' id='par_1_7' title="bbox 1096 298 1868 699">
     <span class='ocr_line' id='line_1_41' title="bbox 1102 298 1862 345; baseline 0.007 -14"><span class='ocrx_word' id='word_1_242' title='bbox 1102 309 1227 344; x_wconf 78' lang='lat' dir='ltr'><em>eamque</em></span> <span class='ocrx_word' id='word_1_243' title='bbox 1251 299 1359 332; x_wconf 79' lang='lat' dir='ltr'><em>diebus</em></span> <span class='ocrx_word' id='word_1_244' title='bbox 1382 298 1552 345; x_wconf 75' lang='lat' dir='ltr'><em>sexaginta</em></span> <span class='ocrx_word' id='word_1_245' title='bbox 1578 300 1716 345; x_wconf 75' lang='lat' dir='ltr'><em>obsedit.</em></span> <span class='ocrx_word' id='word_1_246' title='bbox 1754 307 1862 341; x_wconf 67' lang='lat' dir='ltr'><em>Ince„-</em></span> 
     </span>
     <span class='ocr_line' id='line_1_42' title="bbox 1102 348 1864 400; baseline 0.012 -18"><span class='ocrx_word' id='word_1_247' title='bbox 1102 348 1163 382; x_wconf 72' lang='lat' dir='ltr'><em>atis</em></span> <span class='ocrx_word' id='word_1_248' title='bbox 1180 372 1191 388; x_wconf 92' lang='lat'><em>‚</em></span> <span class='ocrx_word' id='word_1_249' title='bbox 1217 362 1254 384; x_wconf 80' lang='lat' dir='ltr'><em>ac</em></span> <span class='ocrx_word' id='word_1_250' title='bbox 1284 350 1412 397; x_wconf 83' lang='lat' dir='ltr'><em>praedis</em></span> <span class='ocrx_word' id='word_1_251' title='bbox 1440 350 1583 385; x_wconf 72' lang='lat' dir='ltr'><em>cuncJam</em></span> <span class='ocrx_word' id='word_1_252' title='bbox 1613 352 1706 400; x_wconf 87' lang='lat' dir='ltr'><em>usque</em></span> <span class='ocrx_word' id='word_1_253' title='bbox 1732 359 1775 389; x_wconf 83' lang='lat' dir='ltr'><em>ad</em></span> <span class='ocrx_word' id='word_1_254' title='bbox 1797 358 1864 391; x_wconf 81' lang='lat' dir='ltr'><em>&#39;Vi-</em></span> 
     </span>
     <span class='ocr_line' id='line_1_43' title="bbox 1102 401 1865 445; baseline 0.012 -12"><span class='ocrx_word' id='word_1_255' title='bbox 1102 402 1237 434; x_wconf 75' lang='lat' dir='ltr'><em>nmium</em></span> <span class='ocrx_word' id='word_1_256' title='bbox 1261 401 1431 445; x_wconf 72' lang='lat' dir='ltr'><em>planitiem</em></span> <span class='ocrx_word' id='word_1_257' title='bbox 1454 402 1657 443; x_wconf 69' lang='lat' dir='ltr'><em>devastavit.</em></span> <span class='ocrx_word' id='word_1_258' title='bbox 1687 406 1865 441; x_wconf 61' lang='lat' dir='ltr'><em>Vaerhien-</em></span> 
     </span>
     <span class='ocr_line' id='line_1_44' title="bbox 1096 450 1867 498; baseline 0.009 -14"><span class='ocrx_word' id='word_1_259' title='bbox 1096 450 1144 495; x_wconf 83' lang='lat' dir='ltr'><em>ses</em></span> <span class='ocrx_word' id='word_1_260' title='bbox 1174 464 1286 498; x_wconf 82' lang='lat' dir='ltr'><em>magno</em></span> <span class='ocrx_word' id='word_1_261' title='bbox 1313 453 1421 486; x_wconf 80' lang='lat' dir='ltr'><em>timore</em></span> <span class='ocrx_word' id='word_1_262' title='bbox 1445 453 1577 496; x_wconf 78' lang='lat' dir='ltr'><em>perculsi</em></span> <span class='ocrx_word' id='word_1_263' title='bbox 1601 453 1751 497; x_wconf 72' lang='lat' dir='ltr'><em>fuerunt.</em></span> <span class='ocrx_word' id='word_1_264' title='bbox 1780 459 1867 492; x_wconf 85' lang='lat' dir='ltr'><em>Inte-</em></span> 
     </span>
     <span class='ocr_line' id='line_1_45' title="bbox 1104 503 1868 547; baseline 0.012 -13"><span class='ocrx_word' id='word_1_265' title='bbox 1104 503 1162 535; x_wconf 91' lang='lat' dir='ltr'><em>rim</em></span> <span class='ocrx_word' id='word_1_266' title='bbox 1193 503 1397 547; x_wconf 81' lang='lat' dir='ltr'><em>Vetrallenses</em></span> <span class='ocrx_word' id='word_1_267' title='bbox 1434 503 1552 539; x_wconf 80' lang='lat' dir='ltr'><em>incolae</em></span> <span class='ocrx_word' id='word_1_268' title='bbox 1579 507 1690 541; x_wconf 80' lang='lat' dir='ltr'><em>Urbem</em></span> <span class='ocrx_word' id='word_1_269' title='bbox 1725 508 1868 543; x_wconf 63' lang='lat' dir='ltr'><em>ultronea</em></span> 
     </span>
     <span class='ocr_line' id='line_1_46' title="bbox 1101 553 1866 594; baseline 0.012 -9"><span class='ocrx_word' id='word_1_270' title='bbox 1101 553 1257 587; x_wconf 76' lang='lat' dir='ltr'><em>deditione</em></span> <span class='ocrx_word' id='word_1_271' title='bbox 1278 555 1480 588; x_wconf 76' lang='lat' dir='ltr'><em>tradiderunt</em></span> <span class='ocrx_word' id='word_1_272' title='bbox 1493 581 1502 590; x_wconf 89' lang='lat'><em>.</em></span> <span class='ocrx_word' id='word_1_273' title='bbox 1531 558 1691 592; x_wconf 77' lang='lat' dir='ltr'><em>Vetrallae</em></span> <span class='ocrx_word' id='word_1_274' title='bbox 1714 569 1782 593; x_wconf 79' lang='lat' dir='ltr'><em>erat</em></span> <span class='ocrx_word' id='word_1_275' title='bbox 1803 573 1866 594; x_wconf 83' lang='lat' dir='ltr'><em>va-</em></span> 
     </span>
     <span class='ocr_line' id='line_1_47' title="bbox 1102 603 1866 652; baseline 0.013 -17"><span class='ocrx_word' id='word_1_276' title='bbox 1102 603 1172 636; x_wconf 74' lang='lat' dir='ltr'><em>luia</em></span> <span class='ocrx_word' id='word_1_277' title='bbox 1199 606 1322 650; x_wconf 79' lang='lat' dir='ltr'><em>quidem</em></span> <span class='ocrx_word' id='word_1_278' title='bbox 1352 617 1436 643; x_wconf 79' lang='lat' dir='ltr'><em>arx,</em></span> <span class='ocrx_word' id='word_1_279' title='bbox 1473 618 1535 652; x_wconf 74' lang='lat' dir='ltr'><em>qua</em></span> <span class='ocrx_word' id='word_1_280' title='bbox 1564 608 1704 643; x_wconf 82' lang='lat' dir='ltr'><em>Romani</em></span> <span class='ocrx_word' id='word_1_281' title='bbox 1739 610 1866 645; x_wconf 79' lang='lat' dir='ltr'><em>minime</em></span> 
     </span>
     <span class='ocr_line' id='line_1_48' title="bbox 1100 655 1866 699; baseline 0.017 -14"><span class='ocrx_word' id='word_1_282' title='bbox 1100 655 1198 697; x_wconf 71' lang='lat' dir='ltr'><em>potiri</em></span> <span class='ocrx_word' id='word_1_283' title='bbox 1215 665 1357 699; x_wconf 72' lang='lat' dir='ltr'><em>potuere.</em></span> <span class='ocrx_word' id='word_1_284' title='bbox 1386 659 1478 691; x_wconf 84' lang='lat' dir='ltr'><em>Hanc</em></span> <span class='ocrx_word' id='word_1_285' title='bbox 1500 669 1605 693; x_wconf 80' lang='lat' dir='ltr'><em>autem</em></span> <span class='ocrx_word' id='word_1_286' title='bbox 1629 661 1776 696; x_wconf 81' lang='lat' dir='ltr'><em>bellorum</em></span> <span class='ocrx_word' id='word_1_287' title='bbox 1797 675 1866 697; x_wconf 77' lang='lat' dir='ltr'><em>ma-</em></span> 
     </span>
    </p>
   </div>
   <div class='ocr_carea' id='block_1_8' title="bbox 1037 704 1867 758">
    <p class='ocr_par' dir='ltr' id='par_1_8' title="bbox 1037 704 1867 758">
     <span class='ocr_line' id='line_1_49' title="bbox 1037 704 1867 758; baseline 0.014 -22"><span class='ocrx_word' id='word_1_288' title='bbox 1037 706 1078 744; x_wconf 69' lang='grc' dir='ltr'>Βῖ</span> <span class='ocrx_word' id='word_1_289' title='bbox 1102 704 1200 738; x_wconf 81' lang='lat' dir='ltr'><em>chmis</em></span> <span class='ocrx_word' id='word_1_290' title='bbox 1223 710 1263 739; x_wconf 64' lang='grc' dir='ltr'><em>(θ’</em></span> <span class='ocrx_word' id='word_1_291' title='bbox 1289 705 1411 740; x_wconf 75' lang='lat' dir='ltr'><em>artibus</em></span> <span class='ocrx_word' id='word_1_292' title='bbox 1436 708 1573 743; x_wconf 68' lang='lat' dir='ltr'><em>obtinere</em></span> <span class='ocrx_word' id='word_1_293' title='bbox 1596 711 1773 758; x_wconf 77' lang='lat' dir='ltr'><em>cupientes,</em></span> <span class='ocrx_word' id='word_1_294' title='bbox 1797 723 1867 748; x_wconf 73' lang='lat' dir='ltr'><em>tra-</em></span> 
     </span>
    </p>
   </div>
   <div class='ocr_carea' id='block_1_9' title="bbox 1103 757 1868 911">
    <p class='ocr_par' dir='ltr' id='par_1_9' title="bbox 1103 757 1868 911">
     <span class='ocr_line' id='line_1_50' title="bbox 1103 757 1866 805; baseline 0.013 -16"><span class='ocrx_word' id='word_1_295' title='bbox 1103 757 1204 789; x_wconf 67' lang='lat' dir='ltr'><em>hamos</em></span> <span class='ocrx_word' id='word_1_296' title='bbox 1233 758 1276 794; x_wconf 63' lang='lat'><em>&amp;-</em></span> <span class='ocrx_word' id='word_1_297' title='bbox 1306 759 1518 805; x_wconf 72' lang='lat' dir='ltr'><em>mangunellas</em></span> <span class='ocrx_word' id='word_1_298' title='bbox 1545 761 1747 802; x_wconf 68' lang='lat' dir='ltr'><em>struxerunt.</em></span> <span class='ocrx_word' id='word_1_299' title='bbox 1785 766 1866 799; x_wconf 82' lang='lat' dir='ltr'><em>Fre-</em></span> 
     </span>
     <span class='ocr_line' id='line_1_51' title="bbox 1104 809 1866 856; baseline 0.014 -18"><span class='ocrx_word' id='word_1_300' title='bbox 1104 809 1310 852; x_wconf 79' lang='lat' dir='ltr'><em>quent·ffimos</em></span> <span class='ocrx_word' id='word_1_301' title='bbox 1346 810 1467 855; x_wconf 82' lang='lat' dir='ltr'><em>lapides</em></span> <span class='ocrx_word' id='word_1_302' title='bbox 1505 811 1711 856; x_wconf 75' lang='lat' dir='ltr'><em>injiciebant.</em></span> <span class='ocrx_word' id='word_1_303' title='bbox 1748 816 1866 850; x_wconf 72' lang='lat' dir='ltr'><em>Aliam</em></span> 
     </span>
     <span class='ocr_line' id='line_1_52' title="bbox 1104 862 1868 911; baseline 0.016 -22"><span class='ocrx_word' id='word_1_304' title='bbox 1104 863 1242 902; x_wconf 77' lang='lat' dir='ltr'><em>ligneam</em></span> <span class='ocrx_word' id='word_1_305' title='bbox 1279 862 1453 893; x_wconf 70' lang='lat' dir='ltr'><em>machinam</em></span> <span class='ocrx_word' id='word_1_306' title='bbox 1474 888 1483 904; x_wconf 94' lang='lat'>‚</span> <span class='ocrx_word' id='word_1_307' title='bbox 1521 864 1668 906; x_wconf 70' lang='lat' dir='ltr'><em>Asellam</em></span> <span class='ocrx_word' id='word_1_308' title='bbox 1705 876 1868 911; x_wconf 75' lang='lat' dir='ltr'><em>nuncupa-</em></span> 
     </span>
    </p>
   </div>
   <div class='ocr_carea' id='block_1_10' title="bbox 1104 909 1869 1001">
    <p class='ocr_par' dir='ltr' id='par_1_10' title="bbox 1104 909 1869 1001">
     <span class='ocr_line' id='line_1_53' title="bbox 1105 909 1868 961; baseline 0.014 -22"><span class='ocrx_word' id='word_1_309' title='bbox 1105 918 1168 941; x_wconf 82' lang='lat' dir='ltr'><em>tam</em></span> <span class='ocrx_word' id='word_1_310' title='bbox 1186 934 1196 950; x_wconf 88' lang='lat'>,</span> <span class='ocrx_word' id='word_1_311' title='bbox 1220 909 1418 951; x_wconf 65' lang='lat' dir='ltr'><em>fabruarunt</em></span> <span class='ocrx_word' id='word_1_312' title='bbox 1435 938 1444 953; x_wconf 88' lang='lat'>‚</span> <span class='ocrx_word' id='word_1_313' title='bbox 1483 925 1575 958; x_wconf 62' lang='lat' dir='ltr'><em>quarn</em></span> <span class='ocrx_word' id='word_1_314' title='bbox 1605 915 1699 961; x_wconf 81' lang='lat' dir='ltr'><em>usque</em></span> <span class='ocrx_word' id='word_1_315' title='bbox 1726 920 1769 951; x_wconf 74' lang='lat' dir='ltr'><em>ad</em></span> <span class='ocrx_word' id='word_1_316' title='bbox 1795 919 1868 952; x_wconf 72' lang='lat' dir='ltr'><em>-dr-</em></span> 
     </span>
     <span class='ocr_line' id='line_1_54' title="bbox 1104 958 1869 1001; baseline 0.016 -11"><span class='ocrx_word' id='word_1_317' title='bbox 1104 960 1145 991; x_wconf 85' lang='lat' dir='ltr'><em>cis</em></span> <span class='ocrx_word' id='word_1_318' title='bbox 1173 958 1306 1001; x_wconf 78' lang='lat' dir='ltr'><em>januam</em></span> <span class='ocrx_word' id='word_1_319' title='bbox 1338 964 1519 998; x_wconf 77' lang='lat' dir='ltr'><em>adduxere.</em></span> <span class='ocrx_word' id='word_1_320' title='bbox 1557 968 1646 998; x_wconf 81' lang='lat' dir='ltr'><em>Tunc</em></span> <span class='ocrx_word' id='word_1_321' title='bbox 1682 979 1740 1000; x_wconf 78' lang='lat' dir='ltr'><em>nox</em></span> <span class='ocrx_word' id='word_1_322' title='bbox 1766 972 1869 1001; x_wconf 64' lang='lat' dir='ltr'><em>adve-</em></span> 
     </span>
    </p>
   </div>
   <div class='ocr_carea' id='block_1_11' title="bbox 1105 1011 1867 1063">
    <p class='ocr_par' dir='ltr' id='par_1_11' title="bbox 1105 1011 1867 1063">
     <span class='ocr_line' id='line_1_55' title="bbox 1105 1011 1867 1063; baseline 0.013 -21"><span class='ocrx_word' id='word_1_323' title='bbox 1105 1011 1178 1044; x_wconf 76' lang='lat' dir='ltr'><em>nit.</em></span> <span class='ocrx_word' id='word_1_324' title='bbox 1214 1011 1314 1044; x_wconf 55' lang='lat' dir='ltr'><em>Arois</em></span> <span class='ocrx_word' id='word_1_325' title='bbox 1351 1011 1519 1055; x_wconf 64' lang='lat' dir='ltr'><em>defensores</em></span> <span class='ocrx_word' id='word_1_326' title='bbox 1552 1016 1708 1060; x_wconf 76' lang='lat' dir='ltr'><em>sulphur,</em></span> <span class='ocrx_word' id='word_1_327' title='bbox 1743 1018 1867 1063; x_wconf 73' lang='lat' dir='ltr'><em>picem,</em></span> 
     </span>
    </p>
   </div>
   <div class='ocr_carea' id='block_1_12' title="bbox 1103 1062 1868 1110">
    <p class='ocr_par' dir='ltr' id='par_1_12' title="bbox 1103 1062 1868 1110">
     <span class='ocr_line' id='line_1_56' title="bbox 1103 1062 1868 1110; baseline 0.01 -16"><span class='ocrx_word' id='word_1_328' title='bbox 1103 1063 1222 1098; x_wconf 82' lang='lat' dir='ltr'><em>oleum,</em></span> <span class='ocrx_word' id='word_1_329' title='bbox 1251 1062 1480 1102; x_wconf 70' lang='lat' dir='ltr'><em>terebinthum,</em></span> <span class='ocrx_word' id='word_1_330' title='bbox 1507 1065 1598 1110; x_wconf 84' lang='lat' dir='ltr'><em>ligna</em></span> <span class='ocrx_word' id='word_1_331' title='bbox 1611 1094 1619 1108; x_wconf 81' lang='lat'><strong><em>‚</em></strong></span> <span class='ocrx_word' id='word_1_332' title='bbox 1641 1068 1682 1100; x_wconf 75' lang='lat'><em>(9⁴</em></span> <span class='ocrx_word' id='word_1_333' title='bbox 1703 1067 1770 1101; x_wconf 86' lang='lat' dir='ltr'><em>alia</em></span> <span class='ocrx_word' id='word_1_334' title='bbox 1789 1081 1868 1102; x_wconf 75' lang='lat' dir='ltr'><em>com-</em></span> 
     </span>
    </p>
   </div>
   <div class='ocr_carea' id='block_1_13' title="bbox 1031 1111 1868 1215">
    <p class='ocr_par' dir='ltr' id='par_1_13' title="bbox 1031 1111 1868 1215">
     <span class='ocr_line' id='line_1_57' title="bbox 1075 1111 1868 1159; baseline 0.013 -16"><span class='ocrx_word' id='word_1_335' title='bbox 1075 1111 1077 1144; x_wconf 66' lang='lat'><em>¹}</em></span> <span class='ocrx_word' id='word_1_336' title='bbox 1105 1117 1288 1156; x_wconf 73' lang='lat' dir='ltr'><em>miscentes,</em></span> <span class='ocrx_word' id='word_1_337' title='bbox 1324 1114 1477 1157; x_wconf 78' lang='lat' dir='ltr'><em>accensam</em></span> <span class='ocrx_word' id='word_1_338' title='bbox 1511 1116 1664 1159; x_wconf 69' lang='lat' dir='ltr'><em>ejusmodi</em></span> <span class='ocrx_word' id='word_1_339' title='bbox 1700 1129 1868 1153; x_wconf 70' lang='lat' dir='ltr'><em>mixturam</em></span> 
     </span>
     <span class='ocr_line' id='line_1_58' title="bbox 1031 1162 1868 1215; baseline 0.012 -20"><span class='ocrx_word' id='word_1_340' title='bbox 1031 1162 1065 1199; x_wconf 89' lang='lat' dir='ltr'>C</span> <span class='ocrx_word' id='word_1_341' title='bbox 1104 1164 1237 1204; x_wconf 65' lang='lat' dir='ltr'><em>Asellae</em></span> <span class='ocrx_word' id='word_1_342' title='bbox 1257 1163 1446 1208; x_wconf 80' lang='lat' dir='ltr'><em>injecerant.</em></span> <span class='ocrx_word' id='word_1_343' title='bbox 1475 1167 1590 1209; x_wconf 58' lang='lat' dir='ltr'><em>Ajella</em></span> <span class='ocrx_word' id='word_1_344' title='bbox 1612 1181 1649 1201; x_wconf 90' lang='lat' dir='ltr'><em>no</em></span> <span class='ocrx_word' id='word_1_345' title='bbox 1660 1167 1698 1202; x_wconf 65' lang='lat' dir='ltr'><em>‘le</em></span> <span class='ocrx_word' id='word_1_346' title='bbox 1723 1171 1793 1215; x_wconf 60' lang='lat' dir='ltr'><em>ipsi</em></span> <span class='ocrx_word' id='word_1_347' title='bbox 1816 1170 1868 1204; x_wconf 76' lang='lat' dir='ltr'><em>in-</em></span> 
     </span>
    </p>
   </div>
   <div class='ocr_carea' id='block_1_14' title="bbox 1105 1214 1873 1616">
    <p class='ocr_par' dir='ltr' id='par_1_14' title="bbox 1105 1214 1873 1616">
     <span class='ocr_line' id='line_1_59' title="bbox 1106 1214 1867 1264; baseline 0.013 -19"><span class='ocrx_word' id='word_1_348' title='bbox 1106 1214 1211 1246; x_wconf 71' lang='lat' dir='ltr'><em>cendio</em></span> <span class='ocrx_word' id='word_1_349' title='bbox 1237 1215 1392 1258; x_wconf 72' lang='lat' dir='ltr'><em>consumta</em></span> <span class='ocrx_word' id='word_1_350' title='bbox 1428 1216 1511 1259; x_wconf 81' lang='lat' dir='ltr'><em>[uit.</em></span> <span class='ocrx_word' id='word_1_351' title='bbox 1548 1220 1697 1264; x_wconf 76' lang='lat' dir='ltr'><em>Sequenti</em></span> <span class='ocrx_word' id='word_1_352' title='bbox 1723 1222 1774 1254; x_wconf 72' lang='lat' dir='ltr'><em>die</em></span> <span class='ocrx_word' id='word_1_353' title='bbox 1800 1235 1867 1255; x_wconf 82' lang='lat' dir='ltr'><em>eam</em></span> 
     </span>
     <span class='ocr_line' id='line_1_60' title="bbox 1109 1262 1868 1308; baseline 0.017 -14"><span class='ocrx_word' id='word_1_354' title='bbox 1109 1262 1142 1295; x_wconf 83' lang='lat' dir='ltr'><em>in</em></span> <span class='ocrx_word' id='word_1_355' title='bbox 1165 1275 1293 1296; x_wconf 79' lang='lat' dir='ltr'><em>cinerem</em></span> <span class='ocrx_word' id='word_1_356' title='bbox 1319 1266 1475 1301; x_wconf 57' lang='lat' dir='ltr'><em>redafflam</em></span> <span class='ocrx_word' id='word_1_357' title='bbox 1495 1270 1635 1303; x_wconf 75' lang='lat' dir='ltr'><em>Romani</em></span> <span class='ocrx_word' id='word_1_358' title='bbox 1659 1270 1868 1308; x_wconf 68' lang='lat' dir='ltr'><em>invenerunt.</em></span> 
     </span>
     <span class='ocr_line' id='line_1_61' title="bbox 1110 1314 1869 1356; baseline 0.013 -10"><span class='ocrx_word' id='word_1_359' title='bbox 1110 1314 1146 1346; x_wconf 82' lang='lat' dir='ltr'><em>In</em></span> <span class='ocrx_word' id='word_1_360' title='bbox 1182 1314 1262 1346; x_wconf 76' lang='lat' dir='ltr'><em>hunc</em></span> <span class='ocrx_word' id='word_1_361' title='bbox 1298 1317 1462 1349; x_wconf 80' lang='lat' dir='ltr'><em>exercitum</em></span> <span class='ocrx_word' id='word_1_362' title='bbox 1497 1331 1663 1353; x_wconf 78' lang='lat' dir='ltr'><em>convenere</em></span> <span class='ocrx_word' id='word_1_363' title='bbox 1698 1323 1869 1356; x_wconf 84' lang='lat' dir='ltr'><em>Cornetam&#39;</em></span> 
     </span>
     <span class='ocr_line' id='line_1_62' title="bbox 1109 1368 1871 1415; baseline 0.014 -18"><span class='ocrx_word' id='word_1_364' title='bbox 1109 1377 1175 1397; x_wconf 83' lang='lat' dir='ltr'><em>cum</em></span> <span class='ocrx_word' id='word_1_365' title='bbox 1211 1375 1277 1398; x_wconf 79' lang='lat' dir='ltr'><em>tota</em></span> <span class='ocrx_word' id='word_1_366' title='bbox 1308 1378 1407 1399; x_wconf 85' lang='lat' dir='ltr'><em>eorum</em></span> <span class='ocrx_word' id='word_1_367' title='bbox 1434 1368 1580 1407; x_wconf 81' lang='lat' dir='ltr'><em>virtute,</em></span> <span class='ocrx_word' id='word_1_368' title='bbox 1616 1383 1651 1403; x_wconf 81' lang='lat' dir='ltr'><em>ac</em></span> <span class='ocrx_word' id='word_1_369' title='bbox 1681 1373 1871 1415; x_wconf 80' lang='lat' dir='ltr'><em>Manfredus</em></span> 
     </span>
     <span class='ocr_line' id='line_1_63' title="bbox 1110 1415 1871 1464; baseline 0.016 -18"><span class='ocrx_word' id='word_1_370' title='bbox 1110 1415 1234 1447; x_wconf 84' lang='lat' dir='ltr'><em>illorum</em></span> <span class='ocrx_word' id='word_1_371' title='bbox 1264 1416 1436 1451; x_wconf 85' lang='lat' dir='ltr'><em>Dominus.</em></span> <span class='ocrx_word' id='word_1_372' title='bbox 1463 1418 1607 1452; x_wconf 83' lang='lat' dir='ltr'><em>Cohortes</em></span> <span class='ocrx_word' id='word_1_373' title='bbox 1632 1422 1871 1464; x_wconf 73' lang='lat' dir='ltr'><em>Perusinorum,</em></span> 
     </span>
     <span class='ocr_line' id='line_1_64' title="bbox 1111 1467 1872 1514; baseline 0.016 -17"><span class='ocrx_word' id='word_1_374' title='bbox 1111 1467 1351 1500; x_wconf 66' lang='lat' dir='ltr'><em>Tudertinomm</em></span> <span class='ocrx_word' id='word_1_375' title='bbox 1363 1495 1372 1510; x_wconf 88' lang='lat'><strong>‚</strong></span> <span class='ocrx_word' id='word_1_376' title='bbox 1391 1468 1613 1509; x_wconf 77' lang='lat' dir='ltr'><em>Narniensium</em></span> <span class='ocrx_word' id='word_1_377' title='bbox 1629 1471 1772 1514; x_wconf 79' lang='lat' dir='ltr'><em>adsuere.</em></span> <span class='ocrx_word' id='word_1_378' title='bbox 1792 1476 1872 1508; x_wconf 68' lang='lat' dir='ltr'><em>,Ad-</em></span> 
     </span>
     <span class='ocr_line' id='line_1_65' title="bbox 1105 1516 1873 1571; baseline 0.017 -25"><span class='ocrx_word' id='word_1_379' title='bbox 1105 1516 1236 1558; x_wconf 77' lang='lat' dir='ltr'><em>fuerunt</em></span> <span class='ocrx_word' id='word_1_380' title='bbox 1271 1519 1311 1550; x_wconf 74' lang='lat'><em>(9⁶</em></span> <span class='ocrx_word' id='word_1_381' title='bbox 1348 1526 1542 1565; x_wconf 76' lang='lat' dir='ltr'><em>quamplures</em></span> <span class='ocrx_word' id='word_1_382' title='bbox 1580 1523 1720 1556; x_wconf 78' lang='lat' dir='ltr'><em>Romam·</em></span> <span class='ocrx_word' id='word_1_383' title='bbox 1757 1526 1873 1571; x_wconf 76' lang='lat' dir='ltr'><em>Dyna-</em></span> 
     </span>
     <span class='ocr_line' id='line_1_66' title="bbox 1105 1568 1872 1616; baseline 0.014 -17"><span class='ocrx_word' id='word_1_384' title='bbox 1105 1568 1191 1608; x_wconf 71' lang='grc' dir='ltr'><em>βαι.</em></span> <span class='ocrx_word' id='word_1_385' title='bbox 1218 1569 1264 1601; x_wconf 86' lang='lat' dir='ltr'><em>Ob</em></span> <span class='ocrx_word' id='word_1_386' title='bbox 1292 1568 1326 1601; x_wconf 75' lang='lat' dir='ltr'><em>id</em></span> <span class='ocrx_word' id='word_1_387' title='bbox 1353 1573 1564 1604; x_wconf 81' lang='lat' dir='ltr'><em>Romanorum</em></span> <span class='ocrx_word' id='word_1_388' title='bbox 1591 1573 1737 1606; x_wconf 82' lang='lat' dir='ltr'><em>exercitus</em></span> <span class='ocrx_word' id='word_1_389' title='bbox 1767 1575 1872 1616; x_wconf 83' lang='lat' dir='ltr'><em>pluri-</em></span> 
     </span>
    </p>
   </div>
   <div class='ocr_carea' id='block_1_15' title="bbox 1038 1619 1871 1667">
    <p class='ocr_par' dir='ltr' id='par_1_15' title="bbox 1038 1619 1871 1667">
     <span class='ocr_line' id='line_1_67' title="bbox 1038 1619 1871 1667; baseline 0.013 -18"><span class='ocrx_word' id='word_1_390' title='bbox 1038 1619 1081 1652; x_wconf 48' lang='grc' dir='ltr'><em>ὒν</em></span> <span class='ocrx_word' id='word_1_391' title='bbox 1110 1631 1192 1650; x_wconf 87' lang='lat' dir='ltr'><em>mum</em></span> <span class='ocrx_word' id='word_1_392' title='bbox 1230 1620 1430 1663; x_wconf 69' lang='lat' dir='ltr'><em>venustatis,</em></span> <span class='ocrx_word' id='word_1_393' title='bbox 1465 1622 1642 1667; x_wconf 81' lang='lat' dir='ltr'><em>potentiae,</em></span> <span class='ocrx_word' id='word_1_394' title='bbox 1678 1638 1714 1659; x_wconf 76' lang='lat' dir='ltr'><em>ac</em></span> <span class='ocrx_word' id='word_1_395' title='bbox 1749 1625 1871 1659; x_wconf 77' lang='lat' dir='ltr'><em>honoris</em></span> 
     </span>
    </p>
   </div>
   <div class='ocr_carea' id='block_1_16' title="bbox 1102 1669 1873 2075">
    <p class='ocr_par' dir='ltr' id='par_1_16' title="bbox 1102 1669 1873 2075">
     <span class='ocr_line' id='line_1_68' title="bbox 1109 1669 1871 1719; baseline 0.012 -18"><span class='ocrx_word' id='word_1_396' title='bbox 1109 1669 1244 1704; x_wconf 75' lang='lat' dir='ltr'><em>habuit.</em></span> <span class='ocrx_word' id='word_1_397' title='bbox 1283 1671 1447 1717; x_wconf 74' lang='lat' dir='ltr'><em>Postquam</em></span> <span class='ocrx_word' id='word_1_398' title='bbox 1475 1674 1615 1707; x_wconf 76' lang='lat' dir='ltr'><em>Romani</em></span> <span class='ocrx_word' id='word_1_399' title='bbox 1650 1688 1740 1719; x_wconf 76' lang='lat' dir='ltr'><em>agros</em></span> <span class='ocrx_word' id='word_1_400' title='bbox 1769 1689 1871 1710; x_wconf 72' lang='lat' dir='ltr'><em>omnes</em></span> 
     </span>
     <span class='ocr_line' id='line_1_69' title="bbox 1110 1721 1871 1770; baseline 0.012 -18"><span class='ocrx_word' id='word_1_401' title='bbox 1110 1721 1290 1754; x_wconf 63' lang='lat' dir='ltr'><em>exterminio</em></span> <span class='ocrx_word' id='word_1_402' title='bbox 1315 1722 1528 1762; x_wconf 72' lang='lat' dir='ltr'><em>destruxerant</em></span> <span class='ocrx_word' id='word_1_403' title='bbox 1543 1750 1552 1765; x_wconf 86' lang='lat'>,</span> <span class='ocrx_word' id='word_1_404' title='bbox 1580 1724 1725 1770; x_wconf 79' lang='lat' dir='ltr'><em>aedificia</em></span> <span class='ocrx_word' id='word_1_405' title='bbox 1742 1753 1752 1769; x_wconf 87' lang='lat'>,</span> <span class='ocrx_word' id='word_1_406' title='bbox 1774 1727 1871 1770; x_wconf 66' lang='lat' dir='ltr'><em>sata,</em></span> 
     </span>
     <span class='ocr_line' id='line_1_70' title="bbox 1108 1772 1871 1821; baseline 0.009 -17"><span class='ocrx_word' id='word_1_407' title='bbox 1108 1774 1149 1809; x_wconf 62' lang='grc' dir='ltr'><em>ό)</em></span> <span class='ocrx_word' id='word_1_408' title='bbox 1180 1772 1281 1806; x_wconf 82' lang='lat' dir='ltr'><em>linum</em></span> <span class='ocrx_word' id='word_1_409' title='bbox 1306 1772 1339 1806; x_wconf 83' lang='lat' dir='ltr'><em>in</em></span> <span class='ocrx_word' id='word_1_410' title='bbox 1364 1775 1479 1819; x_wconf 75' lang='lat' dir='ltr'><em>campis</em></span> <span class='ocrx_word' id='word_1_411' title='bbox 1505 1776 1679 1809; x_wconf 70' lang='lat' dir='ltr'><em>Viterbium</em></span> <span class='ocrx_word' id='word_1_412' title='bbox 1703 1778 1796 1821; x_wconf 81' lang='lat' dir='ltr'><em>usque</em></span> <span class='ocrx_word' id='word_1_413' title='bbox 1819 1777 1871 1811; x_wconf 83' lang='lat' dir='ltr'><em>in-</em></span> 
     </span>
     <span class='ocr_line' id='line_1_71' title="bbox 1108 1826 1870 1870; baseline 0.004 -12"><span class='ocrx_word' id='word_1_414' title='bbox 1108 1826 1273 1858; x_wconf 77' lang='lat' dir='ltr'><em>cenderant</em></span> <span class='ocrx_word' id='word_1_415' title='bbox 1291 1850 1300 1866; x_wconf 87' lang='lat'>,</span> <span class='ocrx_word' id='word_1_416' title='bbox 1328 1826 1428 1865; x_wconf 77' lang='lat' dir='ltr'><em>aestas</em></span> <span class='ocrx_word' id='word_1_417' title='bbox 1455 1826 1554 1868; x_wconf 81' lang='lat' dir='ltr'><em>mense</em></span> <span class='ocrx_word' id='word_1_418' title='bbox 1572 1828 1690 1870; x_wconf 82' lang='lat' dir='ltr'><em>Julio,</em></span> <span class='ocrx_word' id='word_1_419' title='bbox 1715 1828 1790 1869; x_wconf 83' lang='lat' dir='ltr'><em>solis</em></span> <span class='ocrx_word' id='word_1_420' title='bbox 1817 1842 1870 1863; x_wconf 80' lang='lat' dir='ltr'><em>ae-</em></span> 
     </span>
     <span class='ocr_line' id='line_1_72' title="bbox 1102 1874 1872 1918; baseline 0.008 -10"><span class='ocrx_word' id='word_1_421' title='bbox 1102 1874 1155 1917; x_wconf 88' lang='lat' dir='ltr'><em>stu</em></span> <span class='ocrx_word' id='word_1_422' title='bbox 1183 1874 1424 1918; x_wconf 76' lang='lat' dir='ltr'><em>infervescente,</em></span> <span class='ocrx_word' id='word_1_423' title='bbox 1453 1876 1497 1909; x_wconf 84' lang='lat' dir='ltr'><em>ad</em></span> <span class='ocrx_word' id='word_1_424' title='bbox 1523 1878 1656 1909; x_wconf 81' lang='lat' dir='ltr'><em>medium</em></span> <span class='ocrx_word' id='word_1_425' title='bbox 1683 1881 1872 1914; x_wconf 78' lang='lat' dir='ltr'><em>devenerat.</em></span> 
     </span>
     <span class='ocr_line' id='line_1_73' title="bbox 1110 1925 1871 1975; baseline 0.005 -16"><span class='ocrx_word' id='word_1_426' title='bbox 1110 1930 1198 1959; x_wconf 81' lang='lat' dir='ltr'><em>Tunc</em></span> <span class='ocrx_word' id='word_1_427' title='bbox 1220 1926 1323 1960; x_wconf 80' lang='lat' dir='ltr'><em>voluit</em></span> <span class='ocrx_word' id='word_1_428' title='bbox 1345 1925 1505 1959; x_wconf 84' lang='lat' dir='ltr'><em>Tribunus</em></span> <span class='ocrx_word' id='word_1_429' title='bbox 1529 1928 1573 1960; x_wconf 84' lang='lat' dir='ltr'><em>ad</em></span> <span class='ocrx_word' id='word_1_430' title='bbox 1596 1927 1694 1969; x_wconf 81' lang='lat' dir='ltr'><em>castra</em></span> <span class='ocrx_word' id='word_1_431' title='bbox 1719 1928 1778 1962; x_wconf 79' lang='lat' dir='ltr'><em>illa</em></span> <span class='ocrx_word' id='word_1_432' title='bbox 1799 1940 1871 1975; x_wconf 81' lang='lat' dir='ltr'><em>per-</em></span> 
     </span>
     <span class='ocr_line' id='line_1_74' title="bbox 1103 1976 1873 2021; baseline 0.006 -12"><span class='ocrx_word' id='word_1_433' title='bbox 1103 1976 1257 2020; x_wconf 80' lang='lat' dir='ltr'><em>sonaliter</em></span> <span class='ocrx_word' id='word_1_434' title='bbox 1277 1977 1312 2021; x_wconf 92' lang='lat' dir='ltr'><em>se</em></span> <span class='ocrx_word' id='word_1_435' title='bbox 1338 1976 1528 2020; x_wconf 80' lang='lat' dir='ltr'><em>transferre,</em></span> <span class='ocrx_word' id='word_1_436' title='bbox 1556 1978 1602 2015; x_wconf 67' lang='lat'><em>&amp;⁸</em></span> <span class='ocrx_word' id='word_1_437' title='bbox 1627 1992 1692 2013; x_wconf 86' lang='lat' dir='ltr'><em>una</em></span> <span class='ocrx_word' id='word_1_438' title='bbox 1719 1993 1783 2013; x_wconf 86' lang='lat' dir='ltr'><em>cum</em></span> <span class='ocrx_word' id='word_1_439' title='bbox 1810 1980 1873 2014; x_wconf 83' lang='lat' dir='ltr'><em>mi-</em></span> 
     </span>
     <span class='ocr_line' id='line_1_75' title="bbox 1107 2028 1871 2075; baseline 0.005 -15"><span class='ocrx_word' id='word_1_440' title='bbox 1107 2028 1220 2062; x_wconf 82' lang='lat' dir='ltr'><em>litibus</em></span> <span class='ocrx_word' id='word_1_441' title='bbox 1239 2041 1275 2063; x_wconf 85' lang='lat' dir='ltr'><em>ac</em></span> <span class='ocrx_word' id='word_1_442' title='bbox 1297 2028 1457 2074; x_wconf 80' lang='lat' dir='ltr'><em>peditibus</em></span> <span class='ocrx_word' id='word_1_443' title='bbox 1476 2028 1544 2073; x_wconf 87' lang='lat' dir='ltr'><em>suis</em></span> <span class='ocrx_word' id='word_1_444' title='bbox 1570 2030 1726 2075; x_wconf 65' lang='lat' dir='ltr'><em>propriam</em></span> <span class='ocrx_word' id='word_1_445' title='bbox 1745 2034 1871 2064; x_wconf 85' lang='lat' dir='ltr'><em>demon-</em></span> 
     </span>
    </p>
   </div>
   <div class='ocr_carea' id='block_1_17' title="bbox 233 2073 1872 2126">
    <p class='ocr_par' dir='ltr' id='par_1_17' title="bbox 233 2073 1872 2126">
     <span class='ocr_line' id='line_1_76' title="bbox 233 2073 1872 2126; baseline 0.002 -14"><span class='ocrx_word' id='word_1_446' title='bbox 233 2078 333 2112; x_wconf 83' lang='lat' dir='ltr'><em>dire.</em></span> <span class='ocrx_word' id='word_1_447' title='bbox 364 2080 403 2114; x_wconf 89' lang='lat' dir='ltr'><em>In</em></span> <span class='ocrx_word' id='word_1_448' title='bbox 433 2078 549 2123; x_wconf 76' lang='lat' dir='ltr'><em>quess‘o</em></span> <span class='ocrx_word' id='word_1_449' title='bbox 579 2079 713 2125; x_wconf 84' lang='lat' dir='ltr'><em>tiempo</em></span> <span class='ocrx_word' id='word_1_450' title='bbox 741 2092 846 2114; x_wconf 85' lang='lat' dir='ltr'><em>erano</em></span> <span class='ocrx_word' id='word_1_451' title='bbox 874 2079 910 2114; x_wconf 88' lang='lat' dir='ltr'><em>in</em></span> <span class='ocrx_word' id='word_1_452' title='bbox 940 2080 995 2115; x_wconf 85' lang='lat' dir='ltr'><em>de·</em></span> <span class='ocrx_word' id='word_1_453' title='bbox 1042 2073 1069 2106; x_wconf 77' lang='lat' dir='ltr'>E</span> <span class='ocrx_word' id='word_1_454' title='bbox 1102 2078 1203 2121; x_wconf 78' lang='lat' dir='ltr'><em>strare</em></span> <span class='ocrx_word' id='word_1_455' title='bbox 1236 2080 1432 2126; x_wconf 84' lang='lat' dir='ltr'><em>potentiam,</em></span> <span class='ocrx_word' id='word_1_456' title='bbox 1466 2079 1512 2118; x_wconf 80' lang='lat'><em>&amp;</em></span> <span class='ocrx_word' id='word_1_457' title='bbox 1541 2081 1779 2120; x_wconf 64' lang='lat' dir='ltr'><em>Viterbiensium</em></span> <span class='ocrx_word' id='word_1_458' title='bbox 1816 2081 1872 2116; x_wconf 84' lang='lat' dir='ltr'><em>vi-</em></span> 
     </span>
    </p>
   </div>
   <div class='ocr_carea' id='block_1_18' title="bbox 232 2127 997 2472">
    <p class='ocr_par' dir='ltr' id='par_1_18' title="bbox 232 2127 997 2472">
     <span class='ocr_line' id='line_1_77' title="bbox 232 2127 994 2176; baseline 0.001 -11"><span class='ocrx_word' id='word_1_459' title='bbox 232 2127 353 2165; x_wconf 81' lang='lat' dir='ltr'><em>stretto</em></span> <span class='ocrx_word' id='word_1_460' title='bbox 390 2129 549 2176; x_wconf 77' lang='lat' dir='ltr'><em>aiquanti</em></span> <span class='ocrx_word' id='word_1_461' title='bbox 584 2129 739 2164; x_wconf 76' lang='lat' dir='ltr'><em>Barom&#39;:</em></span> <span class='ocrx_word' id='word_1_462' title='bbox 779 2130 822 2165; x_wconf 90' lang='lat' dir='ltr'><em>de</em></span> <span class='ocrx_word' id='word_1_463' title='bbox 851 2130 994 2176; x_wconf 83' lang='lat' dir='ltr'><em>Campi·</em></span> 
     </span>
     <span class='ocr_line' id='line_1_78' title="bbox 232 2180 995 2229; baseline 0 -14"><span class='ocrx_word' id='word_1_464' title='bbox 232 2180 373 2227; x_wconf 82' lang='lat' dir='ltr'><em>tuoglio</em></span> <span class='ocrx_word' id='word_1_465' title='bbox 391 2192 458 2213; x_wconf 90' lang='lat' dir='ltr'><em>non</em></span> <span class='ocrx_word' id='word_1_466' title='bbox 482 2180 513 2214; x_wconf 84' lang='lat' dir='ltr'><em>se</em></span> <span class='ocrx_word' id='word_1_467' title='bbox 536 2190 710 2223; x_wconf 74' lang='lat' dir='ltr'><em>potevano</em></span> <span class='ocrx_word' id='word_1_468' title='bbox 733 2181 995 2229; x_wconf 64' lang='lat' dir='ltr'><em>partiregcioe-</em></span> 
     </span>
     <span class='ocr_line' id='line_1_79' title="bbox 235 2229 992 2276; baseline 0.001 -11"><span class='ocrx_word' id='word_1_469' title='bbox 235 2241 277 2265; x_wconf 87' lang='lat' dir='ltr'><em>ne</em></span> <span class='ocrx_word' id='word_1_470' title='bbox 306 2229 446 2265; x_wconf 78' lang='lat' dir='ltr'><em>Stefano</em></span> <span class='ocrx_word' id='word_1_471' title='bbox 473 2230 514 2265; x_wconf 87' lang='lat' dir='ltr'><em>de</em></span> <span class='ocrx_word' id='word_1_472' title='bbox 544 2232 575 2265; x_wconf 80' lang='lat' dir='ltr'><em>la</em></span> <span class='ocrx_word' id='word_1_473' title='bbox 605 2233 790 2276; x_wconf 84' lang='lat' dir='ltr'><em>Colonna,</em></span> <span class='ocrx_word' id='word_1_474' title='bbox 825 2245 841 2267; x_wconf 84' lang='lat' dir='ltr'><em>e</em></span> <span class='ocrx_word' id='word_1_475' title='bbox 872 2231 992 2266; x_wconf 81' lang='lat' dir='ltr'>Miffo-</span> 
     </span>
     <span class='ocr_line' id='line_1_80' title="bbox 235 2281 994 2323; baseline 0.003 -7"><span class='ocrx_word' id='word_1_476' title='bbox 235 2292 272 2316; x_wconf 76' lang='lat' dir='ltr'><em>re</em></span> <span class='ocrx_word' id='word_1_477' title='bbox 299 2281 448 2323; x_wconf 70' lang='lat' dir='ltr'><em>jordano</em></span> <span class='ocrx_word' id='word_1_478' title='bbox 475 2282 516 2316; x_wconf 92' lang='lat' dir='ltr'><em>de</em></span> <span class='ocrx_word' id='word_1_479' title='bbox 545 2282 703 2317; x_wconf 87' lang='lat' dir='ltr'><em>Marini.</em></span> <span class='ocrx_word' id='word_1_480' title='bbox 741 2285 796 2319; x_wconf 95' lang='lat' dir='ltr'><em>Lo</em></span> <span class='ocrx_word' id='word_1_481' title='bbox 828 2282 994 2318; x_wconf 76' lang='lat' dir='ltr'><em>Prefierto</em></span> 
     </span>
     <span class='ocr_line' id='line_1_81' title="bbox 236 2329 995 2377; baseline 0.003 -10"><span class='ocrx_word' id='word_1_482' title='bbox 236 2329 275 2367; x_wconf 80' lang='lat' dir='ltr'><em>in</em></span> <span class='ocrx_word' id='word_1_483' title='bbox 323 2331 432 2377; x_wconf 84' lang='lat' dir='ltr'><em>prima</em></span> <span class='ocrx_word' id='word_1_484' title='bbox 475 2346 624 2369; x_wconf 79' lang='lat' dir='ltr'><em>mannan</em></span> <span class='ocrx_word' id='word_1_485' title='bbox 664 2332 995 2370; x_wconf 81' lang='lat' dir='ltr'><em>l’Immasciatori.</em></span> 
     </span>
     <span class='ocr_line' id='line_1_82' title="bbox 238 2382 997 2426; baseline 0.004 -9"><span class='ocrx_word' id='word_1_486' title='bbox 238 2382 327 2417; x_wconf 89' lang='lat' dir='ltr'><em>Puoi</em></span> <span class='ocrx_word' id='word_1_487' title='bbox 358 2385 657 2426; x_wconf 72' lang='lat' dir='ltr'><em>perzonalemente</em></span> <span class='ocrx_word' id='word_1_488' title='bbox 683 2397 794 2420; x_wconf 86' lang='lat' dir='ltr'><em>venne</em></span> <span class='ocrx_word' id='word_1_489' title='bbox 819 2398 837 2420; x_wconf 86' lang='lat' dir='ltr'>a</span> <span class='ocrx_word' id='word_1_490' title='bbox 865 2388 997 2420; x_wconf 84' lang='lat' dir='ltr'>Roma.</span> 
     </span>
     <span class='ocr_line' id='line_1_83' title="bbox 237 2430 996 2472; baseline 0.003 -4"><span class='ocrx_word' id='word_1_491' title='bbox 237 2433 307 2468; x_wconf 80' lang='lat' dir='ltr'><em>Era</em></span> <span class='ocrx_word' id='word_1_492' title='bbox 344 2430 426 2466; x_wconf 81' lang='lat' dir='ltr'>hora</span> <span class='ocrx_word' id='word_1_493' title='bbox 468 2435 592 2470; x_wconf 81' lang='lat' dir='ltr'>Nona.</span> <span class='ocrx_word' id='word_1_494' title='bbox 633 2437 684 2471; x_wconf 83' lang='lat' dir='ltr'><em>Da</em></span> <span class='ocrx_word' id='word_1_495' title='bbox 722 2436 831 2472; x_wconf 87' lang='lat' dir='ltr'><em>mieso</em></span> <span class='ocrx_word' id='word_1_496' title='bbox 867 2435 924 2471; x_wconf 90' lang='lat' dir='ltr'><em>die</em></span> <span class='ocrx_word' id='word_1_497' title='bbox 959 2437 996 2471; x_wconf 89' lang='lat' dir='ltr'><em>in</em></span> 
     </span>
    </p>
   </div>
   <div class='ocr_carea' id='block_1_19' title="bbox 239 2480 1029 2536">
    <p class='ocr_par' dir='ltr' id='par_1_19' title="bbox 239 2480 1029 2536">
     <span class='ocr_line' id='line_1_84' title="bbox 239 2480 1029 2536; baseline 0.005 -17"><span class='ocrx_word' id='word_1_498' title='bbox 239 2481 510 2531; x_wconf 83' lang='lat' dir='ltr'><em>Campituoglio</em></span> <span class='ocrx_word' id='word_1_499' title='bbox 536 2495 682 2530; x_wconf 88' lang='lat' dir='ltr'><em>entrao‚</em></span> <span class='ocrx_word' id='word_1_500' title='bbox 713 2499 731 2522; x_wconf 90' lang='lat' dir='ltr'><em>e</em></span> <span class='ocrx_word' id='word_1_501' title='bbox 762 2486 876 2535; x_wconf 87' lang='lat' dir='ltr'><em>pusese</em></span> <span class='ocrx_word' id='word_1_502' title='bbox 905 2486 997 2523; x_wconf 87' lang='lat' dir='ltr'><em>sotto</em></span> <span class='ocrx_word' id='word_1_503' title='bbox 1023 2480 1029 2536; x_wconf 58' lang='grc'>1</span> 
     </span>
    </p>
   </div>
   <div class='ocr_carea' id='block_1_20' title="bbox 340 2536 921 2573">
    <p class='ocr_par' dir='ltr' id='par_1_20' title="bbox 340 2536 921 2573">
     <span class='ocr_line' id='line_1_85' title="bbox 340 2536 921 2573; baseline 0.012 -7"><span class='ocrx_word' id='word_1_504' title='bbox 340 2536 428 2567; x_wconf 84' lang='lat' dir='ltr'><em>Tom.</em></span> <span class='ocrx_word' id='word_1_505' title='bbox 460 2536 531 2569; x_wconf 79' lang='lat' dir='ltr'><em>VII.</em></span> <span class='ocrx_word' id='word_1_506' title='bbox 888 2539 921 2573; x_wconf 89' lang='lat' dir='ltr'><em>le</em></span> 
     </span>
    </p>
   </div>
   <div class='ocr_carea' id='block_1_21' title="bbox 317 2591 1012 2637">
    <p class='ocr_par' dir='ltr' id='par_1_21' title="bbox 317 2591 1012 2637">
     <span class='ocr_line' id='line_1_86' title="bbox 317 2591 1012 2637; baseline 0.009 -12"><span class='ocrx_word' id='word_1_507' title='bbox 317 2593 390 2633; x_wconf 82' lang='lat'><em>(28)</em></span> <span class='ocrx_word' id='word_1_508' title='bbox 412 2602 430 2626; x_wconf 87' lang='lat' dir='ltr'><em>e</em></span> <span class='ocrx_word' id='word_1_509' title='bbox 450 2591 594 2626; x_wconf 83' lang='lat' dir='ltr'><em>mustrare</em></span> <span class='ocrx_word' id='word_1_510' title='bbox 616 2602 699 2627; x_wconf 81' lang='lat' dir='ltr'><em>tutta</em></span> <span class='ocrx_word' id='word_1_511' title='bbox 719 2594 771 2629; x_wconf 83' lang='lat' dir='ltr'><em>soa</em></span> <span class='ocrx_word' id='word_1_512' title='bbox 789 2596 932 2637; x_wconf 71' lang='lat' dir='ltr'><em>potentia</em></span> <span class='ocrx_word' id='word_1_513' title='bbox 953 2607 1012 2631; x_wconf 81' lang='lat' dir='ltr'><em>con</em></span> 
     </span>
    </p>
   </div>
   <div class='ocr_carea' id='block_1_22' title="bbox 1078 2138 1083 2237">
    <p class='ocr_par' dir='ltr' id='par_1_22' title="bbox 1078 2138 1083 2237">
     <span class='ocr_line' id='line_1_87' title="bbox 1078 2138 1083 2237; baseline 0 852"><span class='ocrx_word' id='word_1_514' title='bbox 1078 2138 1083 2237; x_wconf 95' lang='lat' dir='ltr'><em> </em></span> 
     </span>
    </p>
   </div>
   <div class='ocr_carea' id='block_1_23' title="bbox 1102 2130 1872 2481">
    <p class='ocr_par' dir='ltr' id='par_1_23' title="bbox 1102 2130 1872 2481">
     <span class='ocr_line' id='line_1_88' title="bbox 1108 2130 1872 2176; baseline 0.005 -13"><span class='ocrx_word' id='word_1_515' title='bbox 1108 2144 1179 2164; x_wconf 81' lang='lat' dir='ltr'><em>neas</em></span> <span class='ocrx_word' id='word_1_516' title='bbox 1204 2130 1408 2176; x_wconf 79' lang='lat' dir='ltr'><em>depopulari.</em></span> <span class='ocrx_word' id='word_1_517' title='bbox 1436 2131 1476 2164; x_wconf 75' lang='lat' dir='ltr'><em>Id</em></span> <span class='ocrx_word' id='word_1_518' title='bbox 1501 2144 1593 2176; x_wconf 88' lang='lat' dir='ltr'><em>quum</em></span> <span class='ocrx_word' id='word_1_519' title='bbox 1619 2131 1796 2174; x_wconf 69' lang='lat' dir='ltr'><em>PraefeHus</em></span> <span class='ocrx_word' id='word_1_520' title='bbox 1823 2145 1872 2167; x_wconf 78' lang='lat' dir='ltr'><em>re-</em></span> 
     </span>
     <span class='ocr_line' id='line_1_89' title="bbox 1102 2180 1872 2228; baseline 0.004 -14"><span class='ocrx_word' id='word_1_521' title='bbox 1102 2180 1223 2224; x_wconf 78' lang='lat' dir='ltr'><em>scivit,</em></span> <span class='ocrx_word' id='word_1_522' title='bbox 1260 2180 1345 2213; x_wconf 76' lang='lat' dir='ltr'><em>illico</em></span> <span class='ocrx_word' id='word_1_523' title='bbox 1380 2193 1490 2214; x_wconf 85' lang='lat' dir='ltr'><em>morem</em></span> <span class='ocrx_word' id='word_1_524' title='bbox 1519 2182 1660 2215; x_wconf 86' lang='lat' dir='ltr'><em>Tribuno</em></span> <span class='ocrx_word' id='word_1_525' title='bbox 1692 2195 1796 2228; x_wconf 86' lang='lat' dir='ltr'><em>gerere</em></span> <span class='ocrx_word' id='word_1_526' title='bbox 1822 2196 1872 2217; x_wconf 80' lang='lat' dir='ltr'><em>co-</em></span> 
     </span>
     <span class='ocr_line' id='line_1_90' title="bbox 1104 2231 1870 2277; baseline 0.005 -13"><span class='ocrx_word' id='word_1_527' title='bbox 1104 2231 1253 2277; x_wconf 79' lang='lat' dir='ltr'><em>gitavit.</em></span> <span class='ocrx_word' id='word_1_528' title='bbox 1290 2233 1357 2265; x_wconf 81' lang='lat' dir='ltr'><em>Hoc</em></span> <span class='ocrx_word' id='word_1_529' title='bbox 1383 2241 1516 2274; x_wconf 83' lang='lat' dir='ltr'><em>tempore</em></span> <span class='ocrx_word' id='word_1_530' title='bbox 1542 2233 1704 2267; x_wconf 85' lang='lat' dir='ltr'><em>nonnullis</em></span> <span class='ocrx_word' id='word_1_531' title='bbox 1732 2233 1870 2268; x_wconf 80' lang='lat' dir='ltr'><em>Baroni-</em></span> 
     </span>
     <span class='ocr_line' id='line_1_91' title="bbox 1108 2282 1868 2331; baseline 0.004 -16"><span class='ocrx_word' id='word_1_532' title='bbox 1108 2284 1165 2316; x_wconf 82' lang='lat' dir='ltr'><em>bus</em></span> <span class='ocrx_word' id='word_1_533' title='bbox 1192 2296 1207 2315; x_wconf 91' lang='lat' dir='ltr'><em>e</em></span> <span class='ocrx_word' id='word_1_534' title='bbox 1232 2282 1393 2327; x_wconf 80' lang='lat' dir='ltr'><em>Capitolio</em></span> <span class='ocrx_word' id='word_1_535' title='bbox 1419 2282 1576 2323; x_wconf 84' lang='lat' dir='ltr'><em>abscedere</em></span> <span class='ocrx_word' id='word_1_536' title='bbox 1612 2297 1672 2318; x_wconf 87' lang='lat' dir='ltr'><em>non</em></span> <span class='ocrx_word' id='word_1_537' title='bbox 1705 2285 1868 2331; x_wconf 83' lang='lat' dir='ltr'><em>permitte-</em></span> 
     </span>
     <span class='ocr_line' id='line_1_92' title="bbox 1107 2333 1867 2379; baseline 0 -12"><span class='ocrx_word' id='word_1_538' title='bbox 1107 2335 1201 2367; x_wconf 86' lang='lat' dir='ltr'><em>batur</em></span> <span class='ocrx_word' id='word_1_539' title='bbox 1216 2346 1236 2375; x_wconf 90' lang='lat'><em>;</em></span> <span class='ocrx_word' id='word_1_540' title='bbox 1264 2333 1413 2366; x_wconf 82' lang='lat' dir='ltr'><em>nimirum</em></span> <span class='ocrx_word' id='word_1_541' title='bbox 1439 2334 1598 2379; x_wconf 81' lang='lat' dir='ltr'><em>Stephano</em></span> <span class='ocrx_word' id='word_1_542' title='bbox 1623 2337 1662 2368; x_wconf 81' lang='lat' dir='ltr'><em>de</em></span> <span class='ocrx_word' id='word_1_543' title='bbox 1687 2336 1867 2375; x_wconf 72' lang='lat' dir='ltr'><em>Columna,</em></span> 
     </span>
     <span class='ocr_line' id='line_1_93' title="bbox 1108 2384 1868 2428; baseline -0.001 -9"><span class='ocrx_word' id='word_1_544' title='bbox 1108 2384 1152 2422; x_wconf 50' lang='grc' dir='ltr'><em>ἄν</em></span> <span class='ocrx_word' id='word_1_545' title='bbox 1184 2385 1322 2419; x_wconf 86' lang='lat' dir='ltr'><em>Domino</em></span> <span class='ocrx_word' id='word_1_546' title='bbox 1342 2385 1487 2428; x_wconf 80' lang='lat' dir='ltr'><em>Jordani</em></span> <span class='ocrx_word' id='word_1_547' title='bbox 1515 2389 1552 2419; x_wconf 86' lang='lat' dir='ltr'><em>de</em></span> <span class='ocrx_word' id='word_1_548' title='bbox 1582 2387 1732 2421; x_wconf 78' lang='lat' dir='ltr'><em>Marino.</em></span> <span class='ocrx_word' id='word_1_549' title='bbox 1768 2389 1868 2419; x_wconf 82' lang='lat' dir='ltr'><em>Prae-</em></span> 
     </span>
     <span class='ocr_line' id='line_1_94' title="bbox 1103 2434 1866 2481; baseline -0.001 -12"><span class='ocrx_word' id='word_1_550' title='bbox 1103 2434 1202 2479; x_wconf 65' lang='lat' dir='ltr'><em>fefffus</em></span> <span class='ocrx_word' id='word_1_551' title='bbox 1230 2438 1363 2481; x_wconf 84' lang='lat' dir='ltr'><em>Legatos</em></span> <span class='ocrx_word' id='word_1_552' title='bbox 1401 2436 1435 2468; x_wconf 87' lang='lat' dir='ltr'><em>in</em></span> <span class='ocrx_word' id='word_1_553' title='bbox 1469 2435 1579 2480; x_wconf 84' lang='lat' dir='ltr'><em>primis</em></span> <span class='ocrx_word' id='word_1_554' title='bbox 1613 2441 1745 2471; x_wconf 86' lang='lat' dir='ltr'><em>Romam</em></span> <span class='ocrx_word' id='word_1_555' title='bbox 1779 2435 1866 2468; x_wconf 84' lang='lat' dir='ltr'><em>dire-</em></span> 
     </span>
    </p>
   </div>
   <div class='ocr_carea' id='block_1_24' title="bbox 1079 2472 1868 2535">
    <p class='ocr_par' dir='ltr' id='par_1_24' title="bbox 1079 2472 1868 2535">
     <span class='ocr_line' id='line_1_95' title="bbox 1079 2472 1868 2535; baseline -0.001 -14"><span class='ocrx_word' id='word_1_556' title='bbox 1079 2472 1177 2535; x_wconf 75' lang='lat' dir='ltr'><em>}nit.</em></span> <span class='ocrx_word' id='word_1_557' title='bbox 1214 2487 1339 2521; x_wconf 79' lang='lat' dir='ltr'><em>Deinde</em></span> <span class='ocrx_word' id='word_1_558' title='bbox 1364 2487 1408 2522; x_wconf 82' lang='lat' dir='ltr'><em>ad</em></span> <span class='ocrx_word' id='word_1_559' title='bbox 1436 2488 1544 2522; x_wconf 86' lang='lat' dir='ltr'><em>Urbem</em></span> <span class='ocrx_word' id='word_1_560' title='bbox 1572 2485 1618 2526; x_wconf 63' lang='lat' dir='ltr'><em>a&amp;</em></span> <span class='ocrx_word' id='word_1_561' title='bbox 1645 2485 1708 2534; x_wconf 85' lang='lat' dir='ltr'><em>ipse</em></span> <span class='ocrx_word' id='word_1_562' title='bbox 1737 2485 1771 2529; x_wconf 85' lang='lat' dir='ltr'><em>se</em></span> <span class='ocrx_word' id='word_1_563' title='bbox 1797 2498 1868 2520; x_wconf 76' lang='lat' dir='ltr'><em>con-</em></span> 
     </span>
    </p>
   </div>
   <div class='ocr_carea' id='block_1_25' title="bbox 1150 2535 1815 2575">
    <p class='ocr_par' dir='ltr' id='par_1_25' title="bbox 1150 2535 1815 2575">
     <span class='ocr_line' id='line_1_96' title="bbox 1150 2535 1815 2575; baseline 0 -1"><span class='ocrx_word' id='word_1_564' title='bbox 1150 2540 1186 2575; x_wconf 92' lang='lat' dir='ltr'>D</span> <span class='ocrx_word' id='word_1_565' title='bbox 1212 2539 1235 2574; x_wconf 85' lang='lat' dir='ltr'>d</span> <span class='ocrx_word' id='word_1_566' title='bbox 1260 2537 1284 2574; x_wconf 76' lang='lat' dir='ltr'><strong>d</strong></span> <span class='ocrx_word' id='word_1_567' title='bbox 1716 2535 1815 2574; x_wconf 78' lang='lat' dir='ltr'><em>tulit·</em></span> 
     </span>
    </p>
   </div>
  </div>
 </body>
</html>
