2232 3089
288 220 305 247 1
317 219 367 257 29
548 195 914 243 DiSSfi-RTATJO
947 192 1508 253 TRJGESJMAQUARTA
1522 231 1534 243 .
1718 218 1734 244 1
1748 220 1797 258 30

279 263 394 297 Insula
421 259 581 305 suzaria,
608 269 711 305 quam
741 254 892 291 Carolus
922 254 986 291 111.
1026 257 1071 290 A¹
1096 252 1226 288 flumen
1266 258 1484 291 intueamur.
1523 256 1640 293 Redeo
1677 259 1718 294 ad
1755 273 1854 301 noras

227 313 403 363 Augustus
445 309 613 346 Ecclefiae
658 305 815 356 Regiensi
857 305 984 342 confir-

226 375 300 401 mat
318 392 328 408 ‚
356 375 428 399 non
455 362 523 396 alia
551 358 649 394 fuiffe
678 358 768 393 mihi
806 356 984 398 creditur,

228 417 332 463 quam
362 425 449 463 quae
474 410 585 446 adhuc
612 411 739 454 Suzdra
766 409 985 457 appellatur,

227 465 385 503 Castrum
427 462 463 497 in
500 462 699 496 Mantuano
736 473 819 509 agro
861 458 984 500 situm,

226 516 287 553 sub
330 510 486 562 Regiensi
529 511 687 547 Dioecesi
729 511 779 546 cis
823 511 983 554 Padum,

224 565 342 615 paucis
378 577 396 599 a
435 562 659 599 Wardistallo
700 561 768 598 ssve
810 562 986 598 Guastallfi

222 615 384 652 millibus
422 614 575 662 paffuum
615 613 761 649 distans.
800 614 896 649 Hinc
924 626 979 649 au-

221 675 295 702 tem
337 664 429 701 disce
475 675 672 713 temporum
715 666 749 700 &
792 663 982 700 fluviorum

222 718 343 754 vices.
371 718 476 752 Tunc
503 729 541 750 ea
570 715 686 749 Insula
714 725 788 749 erar
815 716 848 747 in
876 715 982 747 Comi—

221 778 294 803 ηιμ
320 765 480 802 Brixienli
503 766 680 810 pertinens.
710 766 749 798 In
776 764 983 811 Diplomate

220 816 401 855 Ludovici
438 815 484 851 II.
521 814 747 863 Imperatoris
775 815 886 850 eidem
916 817 981 850 Ec-

220 867 340 904 clefiae
367 867 450 902 dato
479 866 566 913 apud
598 865 810 914 Ughellium
839 865 876 901 in
905 867 976 913 Ap-

218 919 367 967 pendice
409 918 450 954 ad
493 919 600 953 Tom.
643 916 862 964 tiningham,
907 930 982 966 pag.

223 971 332 1015 1568.
362 969 494 1017 primae
522 969 671 1003 edition.
703 978 918 1003 memoratur
946 981 979 1003 e—

218 1020 306 1056 tiam
336 1020 444 1064 Insula
472 1020 580 1066 Regni
607 1020 700 1060 nostri
728 1020 858 1063 Italici,
896 1032 982 1066 quae

217 1072 399 1106 nominatur
439 1071 580 1117 ,suzaria
621 1071 654 1104 in
699 1072 860 1105 Comitatu
904 1070 980 1104 Bri-

216 1122 337 1165 xknfi,
374 1122 452 1162 idest
490 1123 572 1155 inter
607 1124 732 1156 Padum
767 1122 802 1156 δε
838 1123 982 1156 Zaram.

217 1172 312 1208 Infra
340 1172 459 1208 eadem
491 1171 605 1208 Insula
649 1172 755 1214 posita
784 1171 917 1206 dicitur
946 1174 983 1205 In

217 1224 381 1257 Comitatu
408 1227 510 1257 eodem
532 1223 707 1268 Regienfi:
734 1221 789 1256 sed
819 1221 981 1256 mendum

219 1272 305 1308 istud
336 1273 511 1320 Ughellio
549 1272 707 1320 excidit3
747 1271 860 1306 rursus
887 1271 983 1307 enim

218 1322 257 1358 in
286 1323 477 1370 archetypo
505 1322 637 1369 legitur
663 1322 843 1360 Brixiensi.
874 1324 911 1357 In
933 1325 979 1357 al-

221 1380 297 1408 tero
316 1373 520 1419 Diplomate
539 1372 695 1420 Regienfi
719 1373 895 1410 Ludovici
918 1373 984 1408 HI.

216 1422 444 1468 Imperatoris
486 1432 642 1456 occurrit
686 1424 774 1468 apud
818 1421 1015 1458 eumdem'

218 1471 430 1521 Ughellium
470 1471 603 1513 Insula,
639 1484 717 1516 quae
753 1473 899 1514 Erezara
925 1485 982 1503 vo—

214 1534 324 1562 catur,
355 1524 435 1556 inter
464 1523 587 1556 Padum
615 1521 657 1554 (5¹
686 1523 806 1554 Xaram
834 1519 983 1565 fluvium

217 1573 427 1616 constituta,
455 1585 520 1607 cum
540 1571 617 1606 aliis
643 1571 779 1613 Infulis,
807 1584 886 1617 quae
904 1571 979 1604 vul-

210 1637 253 1670 go
280 1624 411 1657 Pulcini
445 1633 617 1657 vocantur.
655 1620 807 1670 Corrige
833 1622 867 1656 8<
897 1620 978 1657 scri-

217 1674 286 1716 be,
323 1682 362 1708 ut
399 1672 436 1708 in
465 1672 703 1721 autographo,
740 1686 818 1719 quae
853 1675 980 1716 Suzara

213 1735 342 1759 vocatur
358 1751 368 1768 ,
396 1725 439 1758 (9'
465 1738 544 1770 quae
569 1724 668 1770 vulgo
694 1723 836 1758 Palicim‘
861 1737 976 1758 vocan-

211 1784 284 1810 tur.
323 1777 432 1810 Erant
460 1775 553 1811 enim
585 1775 746 1818 Pulicim',
784 1788 876 1811 nunc
907 1777 975 1823 Ita-

213 1825 284 1861 lice
320 1825 459 1866 Polefim'
486 1853 496 1868 ,
541 1839 688 1874 quorum
733 1826 845 1862 adhuc
887 1827 976 1874 apud

213 1876 446 1912 Ferrarienses
476 1876 635 1924 frequens
662 1877 820 1916 mentio,
849 1890 976 1924 conge-

210 1926 277 1962 stus
301 1937 493 1971 terrarum,
521 1927 589 1962 five
619 1928 776 1971 Insulae,
806 1941 889 1975 quas
915 1930 976 1963 Pa-

212 1978 275 2013 dus
304 1977 545 2025 potiffimum‚
575 1978 707 2026 aliique
737 1978 838 2014 fluvii
867 1988 974 2023 tunc,

211 2027 280 2064 fine
309 2030 384 2077 lege
414 2039 600 2077 vaganteS,
637 2029 705 2065 five
745 2028 899 2070 Padusa,
936 2030 973 2066 in
1003 2050 1004 2054 =

208 2079 327 2115 medio
355 2079 628 2128 relinquebant,
667 2080 707 2115 ad
746 2094 830 2129 quas
867 2094 972 2116 exco-

208 2130 328 2166 lendas
365 2129 541 2166 finitimus
582 2132 734 2178 Populus
771 2145 790 2167 e
829 2131 973 2175 vestigio

208 2182 443 2217 convolabat.
474 2182 564 2217 Vide
594 2181 691 2230 supra
716 2182 854 2218 Differ-t.
878 2185 972 2218 XXL

205 2233 244 2267 de
272 2233 387 2267 Italiae
405 2235 517 2276 flatu.
558 2234 679 2281 Itaque
716 2233 854 2269 Suzaria
894 2247 969 2281 per-

205 2281 323 2321 tinens
371 2297 412 2319 eo
456 2293 615 2330 tempore
655 2284 696 2319 ad
739 2283 967 2322 Comitatum

207 2333 442 2379 Brixianam,
479 2334 541 2370 fita
581 2334 679 2371 fuifl'e
708 2335 848 2372 videtur
876 2337 968 2372 ultra

210 2382 370 2429 Padum,
405 2399 514 2435 quum
550 2398 643 2423 nunc
677 2399 756 2424 eam
792 2386 843 2424 cis
870 2387 965 2424 idem

308 2587 397 2623 Tum„
426 2586 500 2623 Vll.

1095 305 1376 354 Chronologicas
1417 307 1599 356 archetypi
1641 308 1743 357 hujus
1789 315 1855 350 Di-

1095 356 1288 400 plomatis‚
1323 357 1362 392 in
1400 371 1491 406 quo,
1531 369 1570 395 uc
1598 359 1701 404 vidi,
1738 374 1856 409 aperte

1093 407 1224 455 legitur
1273 411 1394 443 Annus
1445 411 1675 445 Incamationis
1726 415 1860 451 Domini

1093 460 1367 495 DCCCLXXXI.
1405 461 1468 495 Sed
1506 462 1627 507 procul
1663 462 1771 500 dubio
1808 467 1858 502 le·

1093 510 1243 557 gendum
1272 513 1586 548 DCCCLXXXIII.
1616 514 1709 561 quod
1747 516 1857 553 etiam

1093 560 1271 596 indicatur
1292 562 1333 597 ab
1354 564 1532 598 Indit‘lione
1560 565 1690 605 Prima,
1718 565 1756 602 &
1778 572 1857 603 ,Δη-

1093 625 1130 644 no
1150 614 1256 646 Tertio
1283 614 1410 660 Imperii
1436 612 1562 651 Caroli
1590 615 1725 652 Craffi:
1756 631 1857 654 nam-

1091 674 1158 708 que
1208 662 1245 696 in
1296 664 1456 700 eumdem
1502 668 1646 702 Annum
1702 669 1856 705 DCCC·

1092 714 1296 749 LXXXIII.
1333 713 1416 750 haec
1452 716 1573 751 omnia
1610 720 1854 756 conveniunt.

1092 764 1155 798 Sed
1183 776 1244 799 cur
1271 764 1362 800 vitia
1391 774 1462 801 tarn
1491 769 1649 804 enormia
1677 768 1713 804 in
1742 783 1854 805 mem-

1092 814 1230 858 branis,
1258 828 1342 863 quas
1366 818 1597 866 autographas
1623 819 1852 866 praestamus?

1092 864 1188 900 Mihi
1225 876 1306 901 nata
1345 866 1515 913 suspicio,
1554 869 1704 906 violatas
1744 871 1856 907 inter-

1091 915 1173 949 dum
1212 914 1311 951 fuifl'e
1347 918 1497 954 Chartas
1524 932 1543 954 a
1571 923 1854 960 recentioribus,

1092 978 1161 1000 non
1199 965 1316 1001 dicam
1358 966 1477 1004 sciolis
1518 971 1684 1011 tantum,
1723 971 1778 1007 sed
1815 971 1854 1008 δε

1091 1015 1204 1052 deciis
1233 1017 1342 1062 viris,
1379 1019 1472 1067 quod
1510 1034 1565 1056 eas
1602 1022 1854 1058 arbitrarentur

1092 1081 1162 1102 non
1191 1066 1273 1104 satis
1301 1069 1506 1117 respondere
1537 1072 1645 1107 alicui
1688 1086 1856 1119 praecon-

1048 1163 1055 1168 ἱ
1092 1128 1211 1166 ceptae
1238 1130 1298 1155 aut
1326 1121 1551 1162 Historicae,
1590 1132 1650 1158 aut
1687 1122 1856 1160 Chrono-

1090 1170 1227 1218 loglcae
1253 1171 1441 1220 opinioni;
1472 1182 1578 1221 atque
1606 1174 1686 1210 iilas
1713 1184 1855 1223 propte-

1091 1233 1146 1255 rea
1174 1220 1256 1257 ausu
1284 1222 1434 1258 minime
1461 1219 1603 1260 ferendo
1631 1225 1674 1260 ad
1703 1225 1758 1261 sua
1789 1238 1854 1260 νο-

1092 1280 1127 1305 ta
1167 1273 1490 1315 accommodarint,
1528 1275 1756 1312 rescindendo
1792 1284 1853 1313 aut

1091 1320 1248 1357 addendo
1284 1324 1376 1370 quod
1405 1325 1454 1360 eis
1497 1325 1604 1362 satius
1642 1327 1852 1363 videbatur.

1093 1372 1271 1407 Praeterea
1300 1375 1338 1408 in
1375 1374 1467 1422 ipsos
1505 1375 1611 1423 primi
1642 1376 1853 1424 autographi

1090 1422 1226 1458 Scribas
1275 1423 1464 1460 oscitantes
1511 1425 1723 1475 rejiciendae
1773 1427 1854 1464 sunt

1089 1473 1234 1506 mendae
1262 1487 1540 1521 nonnunquam.
1580 1478 1743 1525 Denique
1770 1477 1851 1514 sunt

1088 1531 1176 1565 quae
1205 1519 1352 1564 speciem
1383 1527 1592 1573 autographi
1630 1527 1853 1575 praeferunt„

1087 1582 1194 1616 quum
1224 1580 1343 1608 tamen
1372 1573 1463 1609 nihil
1493 1577 1588 1612 aliud
1617 1577 1704 1623 sint,
1744 1581 1852 1626 quam

1087 1621 1310 1669 apographa,
1348 1623 1389 1659 ad
1418 1625 1659 1665 imitationem
1688 1630 1851 1676 archety-

1088 1670 1121 1718 pi
1149 1673 1299 1708 omnino
1337 1675 1538 1713 efformata.
1578 1681 1694 1715 Nemo
1730 1690 1847 1716 autem

1085 1721 1234 1758 nostrii-'n
1262 1724 1428 1773 ignorat,
1457 1729 1560 1775 quam
1590 1728 1693 1765 facile
1721 1731 1848 1767 Libra-

1083 1773 1129 1808 rii
1166 1776 1199 1809 &
1230 1777 1468 1813 Amanuenses
1505 1779 1738 1827 delinquant.
1774 1781 1850 1817 Ita-

1083 1837 1150 1872 que
1187 1834 1271 1860 tunc
1309 1826 1420 1862 solum
1459 1829 1621 1865 adversus
1660 1831 1849 1875 Diploma-

1083 1884 1159 1911 tum
1189 1876 1292 1912 fidem
1328 1878 1495 1915 imminet
1532 1880 1672 1917 adversa
1710 1880 1848 1918 senten-

1083 1926 1157 1972 tia,
1185 1929 1325 1974 quoties
1356 1931 1476 1977 plura,
1513 1944 1622 1979 eaque
1650 1932 1848 1970 intoleran-

1083 1978 1124 2013 da
1162 1978 1252 2014 vitia
1291 1980 1328 2014 in
1366 1980 1519 2028 ipsorum
1558 1993 1664 2031 caput
1700 1997 1849 2020 concur-

1056 2039 1186 2064 γηιιπ.
1222 2030 1401 2078 Alioquin
1443 2032 1686 2070 inclinandum
1726 2035 1771 2071 est
1808 2035 1846 2071 in

1082 2079 1262 2116 mitiorem
1293 2092 1424 2129 partem
1444 2111 1453 2127 ,
1491 2093 1551 2120 aut
1579 2085 1700 2121 saltem
1730 2087 1847 2123 conti-

1081 2132 1233 2167 nendum
1263 2133 1455 2179 judicium.
1485 2137 1576 2171 Utar
1602 2136 1846 2186 profeffiocgo

1082 2182 1281 2229 hujusmodi
1309 2184 1385 2231 lege
1413 2198 1490 2233 erga
1522 2186 1712 2234 Diploma,
1749 2188 1844 2235 quod

1080 2234 1168 2268 olim
1213 2233 1373 2280 descripsi
1415 2248 1458 2271 ex
1499 2237 1696 2274 Tabulario
1745 2238 1843 2287 saepe

1081 2283 1214 2319 iaudati
1253 2285 1484 2322 Parthenonis
1522 2288 1722 2325 Ticinenfis
1758 2292 1843 2325 San-

1080 2334 1156 2370 &ae
1184 2335 1321 2371 Mariae
1348 2337 1578 2378 Theodotae,
1608 2339 1676 2376 five
1703 2340 1745 2377 de
1774 2341 1841 2375 Po-

1079 2385 1224 2433 sterula,
1251 2396 1357 2436 atque
1385 2388 1463 2426 heic
1490 2389 1626 2428 editum
1655 2392 1764 2428 volo.

1168 2591 1188 2625 1
1695 2594 1788 2629 Otto
