2232 3089
156 255 191 291 10
219 213 239 289 Ξ
273 211 442 301 ἒπΒῙίοτο
477 250 514 287 di
553 257 648 286 tutto
685 248 721 282 10
758 259 908 282 munno.

158 307 197 341 In
226 303 281 339 soa
309 301 517 351 compagnia
544 301 629 336 habe
650 298 814 335 cavalieri
836 298 908 333 die—

157 356 189 391 ci
218 354 318 390 milia
336 380 346 389 .
377 352 490 389 Dicefi
508 380 517 396 ‚
554 351 616 387 che
643 358 738 385 rotro
775 350 810 384 lo
841 346 910 397 pas-

157 405 218 444 so.
258 403 336 440 fuffi
372 404 408 440 lo
444 403 557 452 primo
594 403 630 437 10
669 403 718 436 Re
755 413 819 436 con
858 398 913 434 soa

157 457 253 492 iente
281 456 349 491 alla
376 454 545 498 vattaglia
563 479 572 488 .
611 451 672 488 Po’
704 452 739 487 10
769 454 818 487 Re
847 451 913 486 Al—

158 507 263 542 fonzo
291 504 448 553 sequitao
474 504 510 539 lo
541 506 589 540 Re
617 504 658 539 de
683 505 822 539 Araona
849 514 915 538 con

159 557 285 604 cinque
306 555 406 591 milia
428 555 616 598 cavalieri‚
644 568 663 590 e
684 555 809 602 pedoni
833 566 915 589 ven—

157 607 187 643 ti
216 606 314 642 milia
332 632 341 642 .
368 605 499 652 Quess'o
535 605 595 654 gio
622 605 664 641 da
700 607 737 641 lo
775 607 848 642 lato
875 605 916 639 de

146 658 191 707 *le
239 667 428 704 montagne
469 669 487 691 a
530 669 656 704 ponere
698 656 725 692 li
767 655 917 703 impedi-

160 706 312 750 mienti,
343 720 361 742 e
388 719 555 754 occupare
583 707 610 742 li
640 706 721 753 paffi
749 721 766 743 e
794 708 827 742 le
855 707 915 741 sel·

160 771 225 801 ve,
262 758 296 792 le
321 766 457 792 entrare
483 770 501 792 e
529 761 561 792 le
597 757 728 793 descese
745 784 756 800 ‚
795 756 918 802 perche.

160 806 333 844 sarracini
361 819 401 852 pe
428 807 461 840 la
491 816 679 853 montagna
699 818 770 842 non
798 804 918 840 haves-

159 856 231 891 fino
273 857 412 897 valore,
454 857 496 890 ηὲ
538 855 700 898 ridutto,
736 857 780 890 ῃὲ
818 854 918 903 fuga.

159 908 212 942 Da
241 907 277 941 10
304 905 379 939 lato
408 917 532 940 manco
561 919 603 940 ne
639 906 673 940 la
711 906 852 952 pianura
882 904 918 940 fo

159 963 325 993 mannate
353 956 390 991 10
419 957 468 991 Re
496 955 537 991 de
565 957 723 991 Navarra
751 969 816 992 con
845 955 919 991 die-

162 1021 200 1043 te
229 1005 329 1042 milia
358 1005 547 1044 cavalieri‚
584 1019 649 1041 con
687 1006 814 1054 cinque
851 1005 919 1042 mi-

162 1059 211 1093 lia
239 1054 393 1103 pedoni,
422 1055 546 1102 perche.
574 1056 611 1090 1ο
640 1058 821 1092 Sarracino
849 1070 919 1092 non

164 1106 286 1156 poteffi
321 1104 399 1140 dare
437 1106 470 1140 la
506 1104 607 1153 fuga,
644 1107 687 1141 ηὲ
723 1105 922 1142 destennerfi

165 1171 205 1206 pe
232 1156 259 1192 li
288 1155 423 1204 campi.
452 1154 513 1191 Po’
542 1155 655 1203 queffa
684 1155 778 1192 iente
810 1156 923 1203 sequi-

164 1219 224 1244 tao
255 1208 292 1242 10
330 1209 379 1241 Re
415 1206 455 1242 de
494 1207 699 1255 Portogallo
736 1219 802 1242 con
840 1220 924 1253 qua—

164 1268 265 1295 ranta
292 1257 393 1292 milia
423 1257 572 1302 pedoni,
601 1271 619 1292 e
647 1266 741 1293 tutto
770 1259 806 1293 lo
834 1258 926 1293 aitro

167 1308 349 1351 essuorzc»,
371 1321 387 1342 e
411 1306 586 1342 sostennefi
614 1308 646 1343 le
667 1307 792 1356 spalle.
814 1307 925 1354 Ques—

169 1358 201 1394 sa
231 1357 265 1393 fo
294 1359 324 1392 la
355 1356 484 1392 schiera
513 1359 666 1405 gruoffa.
697 1360 749 1393 Da
777 1359 814 1394 lo
834 1359 926 1394 aitro

168 1410 243 1445 lato
272 1410 350 1443 Don
382 1408 480 1443 Ianni
512 1409 693 1445 Manuelle
729 1408 840 1445 dovea
876 1408 927 1444 fe-

167 1460 236 1495 rire
264 1472 329 1492 con
355 1458 381 1492 li
408 1459 626 1495 montanari.
656 1460 781 1505 Quefl‘a
812 1458 846 1495 fo
874 1460 925 1494 lo-

167 1523 207 1545 ro
251 1509 340 1544 bella
381 1509 642 1545 conestavssia.
689 1512 775 1546 Cos}
818 1511 928 1545 henne

169 1561 292 1595 lettere
320 1572 338 1594 a
369 1560 479 1594 Roma
501 1573 519 1594 a
544 1559 690 1596 Miffore
719 1559 859 1596 Stefano
887 1560 928 1595 de

167 1610 200 1645 {a
242 1610 406 1644 Colonna
433 1637 442 1652 ,
484 1610 610 1659 lengua
651 1612 869 1648 Berbentana
910 1623 929 1647 a

167 1674 251 1711 gran
277 1673 364 1710 pena
391 1658 523 1697 intesa-

229 2271 324 2306 Dato
350 2270 375 2306 1’
390 2270 514 2307 ordine
540 2284 558 2307 e
585 2270 621 2306 10
649 2282 775 2310 nome,
812 2267 840 2305 li
868 2268 936 2304 set-

181 2322 337 2356 teciento
368 2321 534 2358 cavalieri
571 2321 713 2356 ionzero
744 2334 762 2355 a
798 2320 834 2354 10
871 2319 937 2354 fiu-

179 2383 263 2406 me.
306 2373 440 2419 Rompo
481 2371 504 2408 l'
532 2385 639 2420 acqua
661 2399 671 2414 ,
708 2384 727 2407 e
764 2369 902 2417 paffano
928 2396 937 2405 .

180 2423 266 2457 Non
304 2421 402 2456 vaize
436 2436 580 2469 reparo.
618 2424 691 2458 Tre
726 2419 939 2460 Cavalieri,

180 2471 209 2507 li
246 2471 341 2518 quali
369 2484 472 2506 erano
510 2472 749 2520 sopinamente
776 2485 794 2508 a
823 2471 941 2508 caval-

181 2521 247 2564 1ο,
286 2521 389 2560 fuero
428 2521 458 2571 {i
497 2522 640 2572 primi,
685 2522 748 2560 che
789 2521 814 2558 1’
832 2534 941 2571 acqua

785 2572 895 2623 passa-

551 181 1080 235 FRAGME

1135 180 1180 224 N
1235 179 1273 222 T
1332 178 1397 220 A.
1637 183 1719 232 584

958 246 990 281 A
1019 241 1222 287 subsequutus
1255 237 1392 286 proeeffit
1418 247 1507 282 eques
1534 239 1605 269 Rex
1631 236 1782 280 Alpbon-

1021 294 1097 338 sus,
1132 292 1203 327 albo
1242 302 1317 336 equo
1356 287 1487 329 molus,
1528 285 1577 320 cui
1618 285 1783 320 fernandi

1027 355 1134 378 nomen
1174 340 1350 386 impolitum
1383 338 1507 382 suerat.
1544 338 1671 382 Equum
1706 336 1787 369 buno

1028 407 1211 441 quocumque
1250 392 1315 427 atio
1348 387 1554 433 formosiorem
1594 385 1639 424 ὡ
1675 385 1789 429 fortio-

1029 458 1090 479 rem
1125 442 1218 489 f¹⁴¹ff⁶
1257 441 1391 476 dicum.
1431 438 1531 473 Socios
1574 434 1701 482 inceffus
1734 435 1790 480 sui

1029 495 1216 539 Alpbonsus
1243 491 1354 528 babuit
1389 492 1489 524 decem
1523 488 1611 523 mille
1646 488 1791 534 equites.

1029 549 1113 580 Sunt
1139 545 1193 591 qui
1221 553 1373 580 narrant,
1404 545 1519 587 Regem
1547 539 1669 583 ipsum,
1708 536 1792 581 post-

1031 608 1123 642 quam
1142 594 1291 640 flumim's
1319 591 1469 633 transitus
1493 589 1626 637 patuit,
1651 588 1791 632 primum

1032 646 1168 680 omnium
1212 658 1278 679 eum
1319 642 1413 690 copiis
1450 642 1518 686 suis
1557 642 1601 675 ad
1641 649 1794 674 certamen

1032 710 1098 730 cum
1138 695 1274 738 hostibus
1315 694 1348 728 in
1389 703 1529 737 campum
1578 687 1761 735 descendisse
1781 712 1795 723 .

1033 747 1194 790 Alpbonsi
1220 745 1355 791 vestigia
1381 744 1485 789 preffit
1505 741 1694 788 subsequens
1721 743 1797 775 Rex

1033 801 1222 843 Aragonum
1258 809 1324 831 cum
1361 795 1496 841 quinque
1531 792 1675 827 millibus
1708 789 1796 837 equi-

1034 857 1098 880 tum
1136 848 1182 887 (φ
1217 846 1343 894 viginti
1377 845 1521 879 millibus
1552 843 1718 889 peditum.
1764 841 1799 875 Is·

1034 899 1077 931 ad
1104 897 1253 930 montium
1281 898 1366 930 latus
1396 896 1431 938 se
1467 895 1622 936 eontulit,
1661 890 1797 938 impedi—

1035 955 1135 980 mento
1161 947 1325 979 Saracenis
1349 945 1501 987 futurus,
1529 942 1570 980 &⁵
1611 943 1720 988 passus
1748 954 1798 975 o:-

1035 1007 1202 1043 cupaturus
1218 1019 1228 1035 ‚
1257 997 1306 1035 (9¹⁷
1319 994 1424 1036 silvas
1441 1019 1451 1036 ‚
1487 1003 1542 1039 per
1568 1004 1645 1037 quas
1671 992 1798 1025 aditum

1036 1047 1082 1085 ὅθ’
1110 1048 1227 1081 exitum
1253 1045 1350 1088 hostes
1376 1043 1468 1090 effent
1496 1042 1660 1084 babituri,
1699 1041 1799 1075 inter-

1036 1098 1201 1142 chffurus,
1242 1110 1280 1131 ne
1321 1094 1381 1140 ipfi
1417 1093 1609 1141 praesidium
1644 1092 1798 1138 aliquod,

970 1149 1002 1183 C
1036 1147 1195 1193 recessum,
1224 1146 1270 1186 &¹
1292 1147 1406 1194 sugam
1435 1144 1503 1186 sibi
1533 1152 1709 1191 pararent.
1736 1142 1799 1177 Ad

976 1599 1010 1633 D

1031 1198 1193 1240 sinistrum
1220 1200 1305 1232 latus
1340 1195 1492 1242 planitiei
1526 1192 1632 1239 miffus
1658 1192 1700 1236 est
1725 1194 1800 1227 Na-

1037 1261 1152 1283 varrae
1179 1253 1251 1283 Rex
1277 1262 1342 1282 cum
1369 1250 1469 1281 decem
1506 1245 1649 1280 millibus
1682 1242 1801 1290 equiti-

1039 1299 1095 1332 bus
1122 1299 1165 1331 Ο·
1191 1298 1325 1343 quinque
1361 1297 1504 1330 millibus
1538 1296 1724 1342 peditibus,
1761 1305 1800 1328 ne

1039 1348 1189 1382 Saracfni
1223 1347 1370 1391 aufugere
1402 1344 1541 1390 possent,
1579 1357 1657 1378 neve
1679 1357 1736 1390 per
1761 1357 1800 1378 a·

1036 1412 1108 1446 gros
1134 1398 1367 1432 dilatarentur.
1396 1396 1460 1429 His
1486 1395 1650 1437 omnibus,
1677 1393 1733 1440 qui
1751 1391 1799 1434 fic

1040 1447 1259 1494 antecefferant
1274 1471 1285 1487 ‚
1315 1446 1451 1492 succeffit
1478 1449 1550 1480 Rex
1576 1443 1800 1489 Portugallen-

1035 1500 1081 1541 sis
1107 1513 1173 1534 cum
1199 1498 1416 1545 quadraginta
1443 1497 1584 1530 millibus
1610 1493 1798 1542 peditibus,

1041 1551 1084 1584 (9²
1110 1562 1177 1584 cum
1203 1548 1310 1583 ceteris
1336 1558 1402 1581 tum
1429 1547 1585 1593 equitatus
1620 1556 1687 1580 tum
1713 1554 1800 1578 exer-

1040 1601 1121 1635 citus
1156 1599 1307 1642 viribus,
1345 1598 1400 1645 qui
1434 1598 1559 1644 quidem
1595 1607 1683 1643 terga
1717 1592 1801 1629 tueri

1041 1649 1192 1686 debebat.
1237 1649 1323 1696 Ejus
1357 1649 1438 1684 acies
1477 1647 1582 1683 ceteris
1618 1644 1802 1685 numerosior

1042 1716 1077 1738 ae
1103 1701 1245 1736 validior
1268 1700 1352 1744 suit.
1379 1701 1439 1735 ,Ab
1461 1701 1559 1735 altero
1585 1698 1681 1732 latere
1701 1698 1802 1731 Dom-

1044 1767 1082 1787 no
1109 1751 1258 1797 Jobarmi
1293 1751 1497 1785 Emmanueli
1533 1763 1596 1784 una
1623 1762 1689 1782 cum
1716 1759 1804 1781 mon-

1044 1805 1123 1838 tium
1152 1802 1259 1837 incolis
1296 1802 1331 1836 in
1359 1806 1527 1836 Saracenos
1567 1800 1745 1833 irruendum
1771 1810 1805 1830 e-

1044 1865 1118 1890 rat.
1146 1856 1183 1889 In
1210 1853 1290 1888 hunc
1317 1853 1438 1887 modum
1467 1850 1627 1896 Hispanus
1656 1847 1806 1882 exercitus

1045 1906 1202 1951 eleganter
1240 1903 1407 1950 dispositus
1443 1903 1486 1936 (9¹
1521 1898 1806 1942 Comestubdibus,

1047 1956 1219 1994 Tribunis,
1255 1969 1291 1989 ac
1326 1953 1468 1990 Ducibus
1502 1952 1571 1997 suis
1607 1949 1736 1984 educ‘i‘us
1773 1948 1807 1982 in

1047 2006 1141 2042 aciem
1175 2005 1313 2053 prodiit.
1350 2004 1449 2039 Talia
1484 2003 1563 2047 sane
1599 2001 1634 2035 in
1672 2001 1810 2047 quadam

1049 2056 1216 2104 Epistola,
1245 2060 1379 2091 Romam
1406 2058 1450 2090 ad
1477 2052 1647 2089 Dominum
1673 2049 1812 2095 Stepha-

1050 2121 1124 2143 num
1149 2109 1189 2142 de
1214 2108 1370 2142 Columna
1394 2105 1511 2148 missa,
1538 2113 1611 2138 tunc
1631 2102 1721 2146 suere
1737 2111 1812 2146 per·

1051 2157 1134 2193 Ιεέῖα
1158 2184 1169 2201 ,
1221 2166 1352 2192 exarata
1404 2152 1594 2193 Brabatenfi
1644 2149 1782 2187 dialeHo
1799 2174 1813 2195 ,

1052 2220 1145 2255 quam
1173 2207 1350 2253 intelligere
1374 2208 1433 2240 vix
1458 2205 1597 2239 licebat.

1104 2255 1273 2303 Praemiffit
1312 2255 1464 2299 ejusmodi
1503 2253 1637 2298 ordine,
1677 2252 1817 2298 datique

1055 2308 1207 2343 militaris
1234 2307 1369 2342 nominis
1397 2305 1504 2353 reffero?
1522 2332 1531 2350 ,
1562 2303 1757 2352 septingenti
1782 2316 1816 2337 e-

1056 2359 1157 2406 quites
1193 2359 1238 2394 ad
1263 2358 1389 2404 flumen
1422 2366 1631 2405 pervenerunt
1647 2381 1656 2390 .
1682 2358 1816 2399 Aquam

1051 2411 1233 2457 superantes
1259 2409 1509 2454 transmearunt.
1546 2407 1681 2443 Nullum
1717 2403 1816 2445 impe-

1056 2461 1228 2496 dimentum
1267 2472 1314 2495 eos
1350 2459 1509 2495 cohibuit.
1546 2462 1622 2493 Tres
1657 2452 1814 2507 Milites,

1052 2511 1166 2560 supine
1200 2512 1235 2561 in
1270 2510 1354 2559 equis
1381 2510 1481 2556 strati
1498 2534 1510 2552 ,
1545 2506 1815 2602 primiflomqmm

1683 2565 1764 2590 umu-
