2232 3089
295 242 317 270 2
326 242 347 270 2
352 242 378 281 9
546 219 854 267 DISSERTAT
853 219 911 263 10
952 217 1528 277 TRIGESJMAQJJNCTA
1538 234 1549 264 .·
1716 242 1737 269 2
1749 243 1801 282 3⁰

284 282 506 321 Clariffimus
525 294 662 330 quoque
685 279 850 316 Marchio
870 279 991 328 Scipio
1031 281 1067 317 A
1103 278 1219 328 speau
1239 279 1363 315 vifitur
1383 279 1609 329 magnificum
1635 295 1674 317 ac
1693 286 1861 321 turritum

236 334 401 384 Maffcjus
429 334 467 369 in
493 333 548 369 sua
572 336 708 368 Verona
734 331 902 367 Illustrata
930 345 990 366 an·
1104 330 1303 374 Palatium,
1346 329 1383 366 in
1430 331 1526 378 cujus
1572 331 1687 368 fronte
1732 335 1862 382 legitur

234 387 376 434 tiquum
405 383 607 420 Veronensis
634 382 859 431 Reipublicae
885 382 991 431 sigil-
1103 383 1335 417 VERONA.
1355 380 1569 418 Circumstat
1594 382 1778 420 versiculus
1799 397 1862 434 pro

237 437 313 473 lum
349 437 483 487 publici
509 435 593 484 juris
624 433 728 469 fecit.
766 432 821 469 Ibi
847 432 885 468 in
911 446 991 481 pro·
1017 438 1023 477 Ι
1102 445 1200 469 more
1228 432 1486 479 Rhythmicus:

377 538 466 573 EST
492 537 624 581 JVST1
652 537 845 572 LATRIX
874 536 995 571 VRBS
1023 536 1126 571 HEC
1151 536 1218 572 ET
1245 536 1430 572 LAVDIS
1457 535 1721 573 AMATfflx.

234 636 276 674 In
302 637 443 674 Notitia
472 638 620 674 Urbium
649 640 774 682 MSta‚
798 650 902 686 quam
932 637 990 673 Pi—

235 689 377 737 gnorius
401 690 519 724 laudat
544 690 580 723 in
604 689 709 724 Notis
734 689 773 724 ad
800 688 991 726 Historiam

236 740 418 775 Albertini
456 739 624 781 Murrani,
657 740 717 774 ista
754 740 795 774 de
830 739 992 774 Civitate

236 791 414 825 Florentia
449 791 673 837 legebantur:
714 791 879 828 Demiror,
915 789 994 835 quid

1107 638 1292 681 Sculpturae
1312 636 1494 684 significent
1512 637 1628 684 sigillo
1652 637 1747 683 ipsius
1767 637 1865 673 civ?-

1080 646 1086 729 l
1106 687 1186 721 tatis
1213 686 1387 733 impreffae.
1411 688 1469 730 Est
1494 689 1576 722 enim
1604 690 1636 723 in
1663 702 1694 724 eo
1719 689 1864 724 Herculi!

1044 738 1072 772 B
1102 738 1204 784 imago
1221 739 1347 772 clavam
1365 751 1460 774 manu
1473 739 1625 787 gestantis
1637 764 1648 781 ‚
1668 740 1701 775 ὅ(
1724 741 1859 776 versus:

1077 770 1082 829 Ι

421 851 696 926 HERCVLEli
724 851 902 927 CLAvli
932 891 1119 926 DOMAT
1147 892 1440 927 FLORENTIA
1472 893 1664 929 PRAVA.

1101 991 1139 1027 in
1168 989 1322 1026 Vexillis
1349 990 1497 1026 deferret
1533 991 1686 1027 Crucem
1721 992 1863 1029 rubeam

1101 1041 1140 1078 in
1168 1055 1291 1090 campo
1319 1052 1504 1090 argentm,
1527 1042 1564 1077 in
1594 1043 1720 1091 Sigillo
1746 1053 1863 1079 tamen

1102 1092 1162 1128 suo
1198 1091 1381 1139 usurpabat
1417 1093 1560 1127 Gallum
1599 1106 1676 1129 cum
1720 1096 1862 1142 Vulpe,

1101 1141 1203 1190 ipsius
1231 1143 1327 1178 Galli
1357 1144 1488 1178 collum
1518 1142 1673 1179 faucibus
1704 1157 1864 1188 premen-

1101 1203 1158 1235 te,
1182 1207 1285 1241 quarn
1316 1194 1467 1241 Vulpem
1495 1192 1532 1229 ὅ(
1559 1195 1702 1230 Gallum
1728 1195 1862 1230 Griffus

1102 1242 1161 1279 sub
1191 1245 1274 1291 pede
1300 1254 1418 1284 tenet,
1446 1244 1483 1279 in
1512 1245 1608 1294 cujus
1636 1244 1769 1281 circulo
1796 1245 1861 1281 hae

1069 1287 1079 1378 Ἰ
1102 1294 1226 1330 literae
1253 1294 1400 1343 scriptae
1427 1294 1524 1331 sunt.

233 990 358 1027 Subdit
385 994 489 1031 verb,
518 992 647 1027 Urbem
677 991 777 1028 illam
809 1005 990 1028 aureorum

234 1041 372 1078 suorum
410 1044 637 1078 Florenorum
675 1056 740 1090 ope
777 1043 900 1078 cunsta
928 1044 989 1078 do—

234 1105 348 1131 mare,
375 1103 480 1140 atque
517 1094 552 1129 in
583 1103 661 1128 toto
698 1103 866 1129 terrarum
898 1095 992 1129 Orbe

234 1143 429 1179 dominari.
467 1146 512 1178 Et
547 1157 663 1179 revera
692 1146 839 1188 Joannes
876 1145 991 1179 Villa-

235 1195 314 1229 nius
350 1195 432 1230 Lib.
463 1199 494 1230 8.
523 1193 612 1242 Cap.
642 1207 702 1241 95.
740 1203 994 1229 commemorat

234 1244 397 1293 Sigillum
427 1244 711 1280 Communitatis
749 1244 992 1282 florentinae,
1028 1241 1063 1278 C

235 1296 314 1328 dove
334 1307 386 1328 era
405 1295 579 1338 imagliata
598 1294 622 1326 l'
634 1294 801 1340 immugine
818 1293 852 1328 d'
864 1295 972 1328 Ercole
984 1320 993 1329 .

236 1345 290 1378 Ita
316 1343 503 1378 Genuenfis
534 1343 761 1391 Respublica,
781 1356 993 1392 quamquam
1015 1351 1019 1379 Ι

330 1445 533 1478 GRIFFVS
562 1445 631 1478 VT
659 1446 756 1479 HAS
784 1447 969 1490 ANGIT,
998 1446 1071 1480 SIC
1099 1419 1285 1481 Hosts
1314 1447 1480 1482 IANVA
1508 1447 1760 1484 FRANGIT.

223 1542 353 1578 >Pisana
381 1545 463 1578 vero
490 1541 633 1578 Civitas
661 1543 769 1577 Anno
795 1541 928 1578 Christi
965 1546 1140 1579 MCLXI.
1168 1545 1206 1579 in
1238 1545 1366 1593 Sigillo
1401 1545 1463 1582 suo
1489 1547 1662 1595 Aquilam
1689 1548 1858 1599 praesere-

232 1593 312 1638 bat,
337 1594 371 1628 &
398 1593 436 1629 in
464 1593 576 1628 limbo
603 1593 840 1629 decurrentem
869 1593 960 1629 hunc
989 1593 1216 1630 versiculum.

443 1695 584 1729 VRBIS
609 1696 683 1733 ME
713 1696 919 1731 DIGNVM
948 1697 1161 1732 PISANAE
1191 1698 1395 1733 NOMINE
1423 1699 1637 1736 SIGNVM.

229 1794 447 1833 Civitatibus
484 1806 602 1834 autem
637 1799 800 1846 exemplo
828 1798 978 1848 praeive-
1010 1802 1056 1836 .D
1094 1799 1204 1834 Anno
1224 1798 1354 1835 Christi
1374 1802 1611 1838 Mxxxvn.
1624 1801 1660 1837 in
1683 1801 1750 1839 suis
1771 1804 1858 1840 Bul-

228 1857 308 1882 rant
337 1847 501 1896 Episcopi
538 1849 574 1885 in
612 1848 808 1898 hujusmodi
847 1851 983 1898 Sigillis
1062 1834 1066 1900 Ι
1094 1850 1140 1886 lis
1168 1850 1352 1897 usurpabat
1378 1850 1567 1897 Sigillum,
1588 1851 1632 1886 ἃ
1672 1853 1732 1888 ubi
1759 1855 1858 1901 depi-

228 1896 451 1935 adhibendis.
488 1898 528 1935 In
559 1898 742 1938 Chronico
778 1901 982 1938 Monasterii
1096 1899 1151 1936 &a
1178 1910 1251 1936 erat
1278 1898 1422 1936 SanEiae
1450 1900 1518 1937 Dei
1554 1900 1770 1946 Genitricis,
1798 1917 1857 1953 ge-

227 1947 370 1985 Sanfilae
397 1951 543 1998 Sophiae
573 1953 742 1990 Tom.'8.
769 1953 894 1990 ltaliae
924 1956 974 1989 Sa·
1094 1952 1469 1989 stantisSalvatorem
1505 1952 1542 1988 in
1580 1954 1674 1998 ulnis
1709 1954 1856 2003 imago·

227 2010 330 2043 crae,
366 2002 522 2049 Angelus
568 2002 757 2051 Episcopus
806 2005 981 2053 Trojanus
1095 2004 1128 2038 δε
1157 2002 1290 2039 circum
1317 2002 1354 2037 in
1382 2015 1469 2051 gyro
1496 2003 1697 2052 legebatur:

333 2103 597 2139 VERGINEIS
623 2105 850 2141 MEMBRIS
877 2107 1092 2146 GENV1T‚
1121 2106 1270 2154 QVEM
1297 2105 1464 2142 GESSIT
1494 2106 1551 2141 IN
1578 2107 1750 2143 VLNIS:

221 2203 442 2239 Gualvaneus
470 2204 511 2239 de
538 2206 570 2239 la
608 2206 788 2249 Flamma,
816 2207 877 2254 qui
912 2207 978 2244 cir·
1002 2216 1006 2251 1
1090 2208 1198 2242 lanum
1226 2207 1356 2241 Puellae
1390 2217 1537 2242 aureatae
1562 2220 1628 2242 eum
1659 2209 1754 2243 Gallo
1779 2208 1852 2245 albo

222 2253 309 2289 citer
335 2256 477 2290 Annum
503 2257 726 2293 MCCCXL.
749 2257 976 2302 Manipulum
1002 2262 1049 2304 :E
1090 2258 1124 2292 in
1144 2270 1264 2291 manu:
1283 2256 1382 2301 Troja
1407 2258 1518 2304 Equi:
1531 2261 1647 2302 Jamoa
1670 2260 1851 2305 Griffonis:

220 2305 362 2339 Florum
404 2308 612 2341 contexebat
630 2334 640 2350 ,
681 2308 815 2343 editum
857 2310 977 2344 Torno
1089 2311 1194 2352 Papia
1223 2308 1333 2354 Vulpis
1346 2321 1361 2341 .·
1387 2310 1553 2344 Placentia
1581 2310 1699 2344 Galli:
1724 2313 1850 2344 Cremo-

221 2355 281 2387 XI.
310 2358 387 2390 Rer.
413 2357 636 2396 Italicarum,
662 2358 784 2406 Sigilla
812 2372 976 2406 quarum-
1088 2372 1130 2392 na
1157 2362 1288 2394 Parcae.
1325 2360 1441 2403 Quam
1479 2359 1541 2394 ille
1579 2359 1682 2395 fidem
1720 2360 1782 2396 hac
1809 2360 1848 2394 in

221 2401 299 2437 dam
327 2403 528 2441 Civitatum
557 2407 682 2450 refert.
708 2409 858 2444 scribens
885 2412 971 2454 Cap.
1087 2422 1123 2444 re
1144 2419 1336 2448 mereatur,
1358 2409 1494 2446 nescio.
1519 2411 1704 2458 Pleraeque
1727 2418 1845 2444 tamen

221 2464 280 2500 75.
313 2455 440 2490 Rornae
475 2458 586 2492 Leonis
604 2458 748 2505 figuram
777 2459 973 2508 usurpatam
1086 2459 1262 2497 Civitates
1290 2461 1523 2496 Lombardiae
1552 2461 1588 2495 in
1615 2459 1747 2508 Sigillis
1777 2459 1845 2494 suis

222 2503 340 2539 fuisse·
388 2504 540 2539 similiter
588 2509 796 2550 Brundusium
834 2511 974 2554 figuram
1084 2509 1215 2546 sacrum
1245 2510 1423 2546 affumsere
1451 2512 1594 2558 Signum
1628 2510 1758 2547 Crucis,
1786 2522 1847 2544 eo-

221 2554 314 2589 babet
350 2554 473 2589 Cervi:
498 2559 656 2605 Carthago
691 2561 817 2595 Bovis:
845 2564 971 2596 Medio-
1082 2574 1149 2609 que
1179 2561 1290 2596 adhuc
1319 2561 1372 2596 uti
1400 2569 1568 2608 pergunt.
1597 2560 1700 2604 Quod
1734 2559 1847 2608 origi-

285 2629 287 2631 ·
1128 2613 1154 2646 Ρ
1184 2623 1204 2646 2.
1714 2622 1795 2645 nem
